2392 3960
18 186 22 194 ,
131 157 194 221 256
432 157 576 208 ιυειεει
597 156 844 209 τηεσειυοιυε
1182 130 1192 287 ’ρ

132 285 290 365 ἐπάταξεν
318 286 443 364 ἐκεῖνος
470 311 510 372 τη
529 289 692 372 βακτηρίᾳ
711 283 790 370 φάς·
819 281 899 369 εἶτα,
927 274 1146 375 άκάθαρμα,

34 434 40 441 -
136 391 242 479 μηδὲν
270 387 365 471 άξιον
383 392 444 458 τοῦ
463 395 607 479 δημοσίᾳ
633 387 828 457 τὰτοιαῦτα
850 400 995 479 θαρσεῖν
1020 390 1149 481 πράξας

132 500 291 565 ἐντεῦθεν
317 493 398 584 ἡμῖν
426 493 509 586 άρχη
537 495 636 582 δόξης
662 492 902 583 καταφρονεῖυ;
931 493 1039 577 οὕτως
1063 494 1146 590 ᾤετο
1189 542 1192 597 γ

131 607 251 692 χρῆναι
278 603 442 693 πρότερον
468 598 594 690 ἡδονῆς
620 602 675 670 καὶ
703 605 818 689 θυμοῦ
850 608 1024 693 κρείττονα
1053 605 1146 690 γενέ·
1190 610 1192 621 ’

133 719 229 796 σθαι,
270 710 326 778 καὶ
362 714 475 798 τρίτον
516 710 569 776 ἐπὶ
605 706 643 776 τὸ
679 707 886 777 τελειότατον
928 711 1041 779 ε’λθεῖν
1078 711 1192 811 τάντρ

89 809 385 903 Βπαλαισμάταν,
418 811 678 901 ἀποδυσάμενον
709 811 793 903 πρὸς
825 813 884 895 τάς
909 818 978 885 τῶν
1010 819 1147 886 πολλῶν

133 923 246 1009 δόξας,
275 929 312 989 αῖ
342 928 472 1009 μυρίων
503 923 616 989 κακῶν
648 929 750 988 αίτιαι
782 927 935 1006 γίνονται
966 935 1038 1004 τοῖς
1066 931 1147 993 πολ-

132 1037 210 1109 λοῖς.
257 1025 319 1097 οὐκ
347 1026 450 1097 οἶσθα
479 1024 568 1107 ὅπως
603 1025 685 1107 τοὺς
710 1027 772 1115 μὲν
795 1028 894 1108 νέους
919 1030 979 1116 τῆς
1005 1036 1147 1115 φιλοσο·
1188 1108 1192 1141 ⁴

133 1143 213 1221 φίας
245 1131 448 1218 ἀπάγουσιν,
485 1129 567 1201 άλλα
605 1129 656 1202 ἐπ’
691 1129 804 1214 άλλοις
839 1137 908 1203 τόν
944 1135 1148 1224 φιλοσόφων

131 1242 354 1329 θρυλοῦντες;
387 1242 423 1308 οί
446 1239 657 1330 Πυθαγόρου
684 1240 740 1309 καὶ
767 1240 947 1322 Πλάτωνος
978 1242 1035 1310 καί
1061 1238 1148 1332 Ἀρι-
1161 1248 1192 1313 xo!

133 1347 308 1425 στοτέλους
345 1346 499 1433 χορευταὶ
541 1344 674 1434 γνήσιοι
710 1346 827 1434 γόητες
867 1345 955 1416 εἶναι
990 1349 1148 1434 λέγονται
1187 1356 1192 1377 “·

131 1454 187 1521 καὶ
220 1452 377 1538 σοφισταὶ
409 1453 465 1520 καὶ
492 1454 719 1540 τετυφωμένοι
750 1454 806 1521 καὶ
839 1469 1032 1542 φαρμακεῖς.
1078 1457 1150 1525 τῶν

80 1561 296 1626 198Κυνικσ5ν
315 1567 348 1626 εί
361 1556 428 1627 ποά
445 1585 495 1638 τις
513 1553 630 1644 γέγονε
658 1564 852 1646 σπουδαῖος,
879 1557 1020 1641 ἐλεεινὸς
1039 1566 1149 1631 δοκεῖ·

132 1667 299 1752 μέμνημαι
326 1667 412 1749 γοόν
440 1662 505 1751 ε’γοό
531 1691 611 1734 ποτε
637 1667 789 1752 τροφέως
806 1665 959 1747 εἰπόντος
984 1667 1071 1757 πρός
1096 1694 1150 1756 με,

134 1767 248 1859 ἐπειδὴ
275 1768 336 1838 τόν
368 1772 500 1860 ἑταῖρον
527 1769 617 1840 εἶδεν
646 1768 789 1859 Ἰφικλέα
822 1769 998 1861 αὐχμηρὰν
1025 1779 1151 1861 ἔχοντα
1163 1794 1192 1839 ιε·

131 1874 193 1965 τὴν
225 1877 332 1964 κόμην
364 1879 420 1945 καὶ
451 1877 683 1967 κατερρωγότα
715 1875 755 1946 τά
788 1880 909 1968 στέρνα
946 1879 1081 1969 ἱμάτιόν
1113 1907 1151 1950 τε
1189 1878 1192 1891 '

31 2070 34 2074 ρ
132 1983 322 2052 παντάπασι
351 1987 484 2071 φαῦλον
512 1986 549 2052 έν
576 1987 677 2076 δεινῷ
705 1987 853 2072 χειμῶνι·
889 1991 947 2067 Τίς
978 1983 1044 2074 ἄρα
1073 1990 1151 2056 δαί-

132 2117 205 2178 μων
236 2092 359 2158 τοῦτου
391 2095 439 2171 είς
474 2089 600 2177 ταύτην
631 2092 822 2181 περιέτρεψε
858 2088 933 2179 τὴν
952 2093 1151 2184 συμφοράν,

132 2192 193 2283 ὑφ’
223 2188 263 2284 εἷς
290 2192 391 2278 αὐτὸς
418 2195 479 2285 μὲν
507 2194 659 2284 ἐλεεινὸς,
687 2196 899 2287 ἐλεεινότεροι
927 2197 964 2266 δὲ
987 2201 1024 2267 οί
1048 2203 1150 2271 πατέ-

133 2329 188 2392 ρες
214 2299 329 2389 αὐτοῦ,
356 2304 542 2392 θρέψαντες
560 2301 625 2371 σὺν
644 2305 808 2395 ἐπιμελείᾳ
831 2304 886 2372 καὶ
905 2304 1150 2389 παιδεύσαντες
1162 2330 1192 2371 ιι.

93 2404 180 2490 Βώς
207 2411 373 2497 ἐνεδέχετο
402 2414 603 2496 σπουδαίως,
631 2404 649 2478 ό
673 2408 710 2478 δὲ
729 2406 817 2479 οὕτω
845 2413 910 2479 νῦν
928 2413 1149 2502 περιέρχεται,
1190 2494 1192 2499 ,

132 2515 241 2583 πάντα
274 2512 386 2602 άφείς,
423 2513 526 2585 οὐδὲν
562 2518 630 2584 τεόν
661 2515 935 2604 προσαιτοάντων
970 2525 1148 2607 κρείττους
1190 2520 1192 2545 ⁵

133 2623 263 2689 ἐκείνου
291 2619 352 2707 μὲν
384 2612 448 2690 οὖν
479 2619 543 2707 ἐγὼ
572 2619 634 2692 οὐκ
667 2619 732 2690 οἶδ’
763 2620 853 2704 ὅπως
883 2622 957 2693 τότε
988 2626 1146 2715 κατειρω-

132 2727 316 2814 νευσάμην·
350 2719 388 2796 εὖ
421 2729 534 2816 μέντοι
566 2756 604 2815 γε
636 2737 709 2798 ἴσθι
741 2730 797 2798 καὶ
827 2733 933 2799 ταῦτα
964 2725 1050 2822 ὑπὲρ
1077 2734 1146 2803 τῶν

133 2830 269 2920 άληθῶς
308 2837 424 2903 κυνῶν
464 2832 544 2916 τοὺς
580 2832 725 2916 πολλοὺς
761 2838 1034 2924 διανοουμένους.
1089 2839 1145 2909 καὶ
1160 2904 1166 2921 .,

134 2936 175 3008 οὐ
206 2942 305 3008 τοῦτο
334 2941 449 3010 δεινόν
477 2943 583 3027 ἐστιν,
616 2935 687 3010 ἀλλ’
718 2936 799 3033 ὁρᾷς
831 2938 881 3012 ὅτι
913 2944 969 3013 καὶ
996 2947 1144 3017 πλοῦτον

133 3042 266 3131 άγαπᾶν
293 3052 451 3117 πείθουσι
477 3048 533 3116 καὶ
559 3053 679 3117 πενίαν
697 3064 807 3137 μισεῖν
833 3050 888 3119 καὶ
910 3048 974 3138 τὴν
1000 3053 1145 3143 γαστέρα

200 3247 327 3333 ἓμηδὲν
346 3251 427 3319 οου]
446 3248 544 3320 μηθὲν
574 3253 581 3318 l
612 3254 737 3321 θαρσεῖν
756 3255 811 3304 Pet.
842 3248 949 3322 θάρσει
1035 3248 1144 3327 8502!

130 3314 204 3387 Pet]
224 3312 297 3386 αρχὴ
316 3336 342 3384 v,
361 3312 443 3388 άργει
462 3322 530 3376 Cob.
605 3318 696 3374 όκαῖ
713 3317 808 3388 τρίτον
839 3320 907 3389 πρὶν
924 3323 952 3374 Η
1022 3328 1055 3377 10
1071 3324 1097 3377 θ

132 3386 250 3448 λοῦντες
271 3385 316 3455 Η]
340 3388 534 3454 θρυλλοόντες
621 3391 652 3440 16
675 3383 872 3458 κατερρωγότα
894 3386 930 3442 τά
953 3387 1084 3473 πτέρναι
1123 3392 1142 3445 Ι,
1177 3426 1180 3435 -

134 3455 278 3507 Chariton.
296 3456 348 3521 ΙΙΙ,
361 3459 415 3520 ὅ,6
432 3455 512 3522 περιέ
530 3455 598 3524 ρηξε
615 3448 648 3508 τό
668 3457 777 3522 στῆθος
836 3461 869 3510 22
886 3453 977 3512 οὐδέν
994 3458 1031 3526 Η]
1049 3454 1143 3515 ονθδτ

131 3526 163 3574 24
181 3522 232 3576 καλ
249 3521 351 3592 ταῦτα]
369 3523 460 3578 ταῦτα
478 3475 553 3577 καδλ
621 3525 654 3576 26
672 3514 718 3579 ’ότι
734 3523 809 3592 Pet]
830 3521 872 3581 ἔτι
