2370 3908
121 154 181 219 112
420 153 563 205 mmm
585 150 834 204 IMPERATORIS
908 160 911 165 ·

119 283 280 372 στάμενος
312 277 364 350 ότι
399 278 439 368 μά
475 281 559 368 μέγα
595 277 717 367 ὄφελος
754 278 904 366 φύλακος
934 275 994 347 τὸν
1025 276 1135 348 πόνον

119 389 307 478 φεύγοντος
338 387 393 456 καὶ
427 383 469 455 ού
503 388 695 474 δυναμένου
727 400 899 476 καρτερεῖν
931 381 1012 455 ούδέ
1039 382 1135 454 ἀντέ-

118 524 190 584 χειν
210 492 307 585 ’πρὸς
337 494 495 582 κάματον.
540 495 645 561 ταῦτα
678 491 715 561 δέ
748 488 791 560 ού
821 494 996 582 παραινῶν
1027 491 1136 581 μόνον

119 599 201 670 ούδέ
228 602 376 671 ἐπαινῶν
406 598 486 680 τοὺς
518 596 671 686 ἀγαθούς
702 597 886 689 προθύμως
917 599 974 667 καὶ
1005 598 1136 688 χαριζό-

81 723 220 796 Ομενος
251 703 272 795 ἢ
309 706 458 789 κολάζων
494 708 660 795 ἐγκρατῶς
695 707 751 774 καὶ
788 701 1019 793 ἀπαραιτήτως
1056 708 1161 794 ξυμ-ε

119 821 229 884 πείθει
269 815 325 883 καὶ
366 813 531 900 βιάζεται,
572 809 656 880 ἀλλά
696 809 783 881 πολὺ
824 810 988 901 πρότερον
1030 807 1137 881 αὑτὸν

120 923 276 991 τοιούτου
294 920 524 1006 ἐπιδεικνύων,
553 915 755 1007 ἀπεχόμενος
773 917 835 1006 μέν
853 913 978 1007 ἡδονῆς
996 912 1138 1007 ἀπάσης,

120 1026 299 1117 χρημάτων
331 1025 369 1095 δὲ
401 1022 503 1095 ούδδν
535 1021 612 1093 ούτε
645 1021 787 1115 σμικρόν
820 1021 896 1094 ούτε
928 1031 1040 1112 μεῖζον
1069 1027 1138 1094 ἐπι-

120 1137 243 1220 θυμῶν
277 1133 336 1201 καὶ
372 1128 621 1220 ἀφαιρούμενος
656 1134 725 1200 τῶν
756 1127 932 1219 ύπηκόων,
968 1128 1066 1223 ύπνφ
1103 1158 1140 1200 τε

121 1249 221 1308 είκων
249 1235 346 1324 ὀλίγα
378 1239 433 1307 καὶ
466 1236 529 1326 την
562 1233 682 1327 ἀργίαν
710 1234 1012 1328 ἀποστρεφόμενος.
1058 1234 1137 1326 ἀλη-
1151 1258 1182 1301 ος

120 1347 193 1425 θῶς
221 1343 285 1434 γὰρ
320 1340 433 1424 οὐδεὶς
460 1341 601 1425 ούδενὸς
633 1349 680 1424 είς
708 1340 811 1413 ούδέν
839 1342 930 1426 ἀξιος
956 1343 1139 1415 καθεύδων
1181 1342 1183 1361 ⁵

122 1447 207 1540 ἀνὴρ
239 1447 260 1539 ἢ
293 1449 348 1519 καὶ
386 1446 576 1540 ἐγρηγορὼς
611 1464 682 1532 τοῖς
717 1450 948 1520 καθεύδουσιν
984 1450 1140 1541 ἐμφερής.

121 1558 346 1644 πειθομένους
378 1555 415 1628 δέ
447 1553 571 1637 αύτούς
608 1558 671 1638 ἕξει
702 1560 811 1639 καλῶς
847 1553 937 1650 αὑτῶ
973 1584 1008 1626 τε
1044 1554 1140 1646 οἶμαι

76 1678 102 1733 D
121 1664 177 1731 καὶ
204 1678 275 1744 τοῖς
292 1660 465 1751 ἀρχουσιν,
493 1668 524 1731 εί
541 1677 611 1744 τοῖς
628 1660 776 1752 ἀρίστοις
802 1663 1004 1752 πειθόμενος
1020 1663 1141 1752 νόμοις

121 1770 178 1838 καὶ
209 1783 279 1850 τοῖς
311 1764 429 1858 ὀρθοῖς
461 1769 684 1857 ξυνεπόμενος
716 1769 915 1858 διατάγμασι
947 1772 1049 1858 δῆλος
1077 1780 1140 1860 είη,
1153 1792 1177 1837 ο

20 1890 25 1898 ’
121 1876 178 1944 καὶ
210 1871 296 1956 ὅλως
326 1873 388 1963 την
420 1871 603 1964 ἡγεμονίαν
640 1872 789 1958 ἀποδούς
824 1879 871 1969 τῷ
903 1876 1004 1964 φύσει
1041 1882 1139 1965 βασι-

122 1983 203 2074 λικῷ
231 1982 288 2050 καὶ
318 1976 506 2075 ἡγεμονικῷ
538 1985 596 2072 τῆς
623 1984 731 2070 ψυχῆς
762 1990 884 2075 μορίφ,
917 1979 990 2052 ἀλλ’
1022 1979 1066 2053 ού
1093 1985 1140 2079 τῷ

121 2092 301 2176 θυμοειδεῖ
325 2090 381 2157 καὶ
409 2086 590 2182 ἀκολάστφ.
632 2091 687 2158 καὶ
706 2103 879 2180 καρτερεῖν
906 2088 943 2158 δὲ
970 2092 1028 2159 καὶ
1055 2086 1139 2161 ύπο-

121 2196 236 2281 μένειν
262 2193 322 2264 τόν
349 2221 384 2263 τε
416 2197 469 2264 ἐπὶ
502 2199 657 2285 στρατιᾶς
688 2197 744 2264 καὶ
773 2199 810 2265 ἐν
841 2210 911 2277 τοῖς
939 2192 1054 2278 ὅπλοις
1081 2197 1139 2267 κά-

122 2327 228 2387 ματον
256 2296 363 2370 ὁπόσα
382 2327 417 2369 τε
434 2300 518 2371 κατὰ
535 2299 597 2389 τὴν
621 2302 759 2394 εἰρήνην
777 2303 941 2391 ἐξηυρέθη
971 2303 1140 2392 γυμνάσια
1152 2326 1183 2369 ιι.-

122 2408 258 2495 μελέτης
285 2409 383 2476 ἕνεκα
409 2409 468 2495 της
494 2404 578 2497 πρὸς
604 2407 684 2490 τούς
712 2405 872 2489 ὀθνείους
899 2405 1042 2497 ἀγῶνας,
1070 2412 1141 2492 πῶς

123 2510 166 2579 ἀν
197 2539 248 2594 τις
280 2512 421 2599 μάλιστα
457 2519 614 2597 πείσειεν;
652 2511 672 2602 ἢ
707 2517 811 2603 δῆλον
843 2510 889 2596 ῶς
920 2512 1022 2608 αύτὸς
1054 2512 1139 2607 δρῶ-

70 2636 104 2688 88
123 2645 223 2705 μενος
254 2606 424 2708 καρτερὸςι
444 2621 500 2687 καὶ
533 2616 771 2708 ἀδαμάντινος;
805 2627 874 2690 ἐστι
906 2621 970 2712 γάρ
1002 2619 1138 2712 ἀληθῶς

123 2722 262 2812 ἥδιστον
289 2726 399 2812 θέαμα
427 2725 609 2815 στρατιῶτη
637 2729 835 2820 πονουμένῳ
864 2728 1011 2819 σῶφρων
1039 2727 1137 2799 αύτο·
1180 2760 1183 2773 ¹

122 2831 268 2921 κράτωρ,
302 2831 595 2919 συνεφαπτόμενος
627 2839 736 2922 ἐργων
768 2836 824 2902 καὶ
856 2836 1178 2926 προθυμούμενοςθ.

122 2939 178 3005 καὶ
211 2940 414 3025 παρακαλῶν
445 2939 502 3007 καὶ
534 2941 571 3007 ἐν
602 2953 673 3020 τοῖς
700 2943 841 3010 δοκοῦσι
874 2948 1032 3033 φοβεροῖς
1060 2969 1134 3031 φαι-
1177 2992 1183 3001 ·

124 3040 205 3132 δρός
232 3045 288 3112 καὶ
316 3040 416 3132 ἀδεὴς
442 3045 497 3113 καὶ
526 3041 613 3114 ὅπου
631 3051 709 3114 λίαν
735 3050 905 3137 θαρροῦσι
934 3047 1054 3137 σεμνὸς
1081 3046 1132 3117 καὶ
1160 3042 1176 3117 ,Ῑ

124 3149 295 3239 ἐμβριθής.
341 3151 471 3240 πέφυκε
501 3149 567 3240 γὰρ
599 3153 838 3241 ἐξομοιοῦσθαι
873 3153 957 3245 πρὸς
987 3153 1047 3223 τὸν
1078 3152 1136 3244 ἀρ-
1158 3151 1159 3154 “

141 3312 316 3457 2θαύτόν
332 3321 391 3373 VM
461 3325 490 3373 11
511 3312 660 3384 ούδελς-
676 3317 768 3406 ἄξιος]
790 3324 861 3376 Plat.
875 3324 966 3404 Legg.
984 3323 1136 3376 V11808B

331 3382 559 3458 νΙμφερῶςΙί
612 3393 644 3443 18
662 3384 740 3462 αύτῳ
728 3390 790 3459 H]
809 3383 887 3462 αύτῷ
921 3342 1020 3455 ς2οἐξ
1006 3388 1136 3509 ξηυρέθη

115 3514 148 3563 26
125 3386 321 3576 ηφογνρρέθη
390 3459 422 3507 21
446 3458 546 3511 εἵνεκα
563 3459 588 3511 V
668 3462 700 3511 22
723 3448 847 3512 ’πείσειεν
865 3443 902 3528 Η]
921 3458 1059 3524 πεισθείη
1087 3457 1136 3524 Ι
1117 3480 1134 3527 η
