2392 3960
467 117 605 169 ORATIO
623 118 685 173 VII.
1013 116 1074 180 281

59 243 139 332 κει)·
176 242 259 331 πρὸς
291 242 355 333 γὰρ
386 247 432 335 τῷ
470 244 558 336 λόγῳ
595 259 757 334 μαρτυρεῖ
788 246 920 326 τούτοις
950 240 971 332 ἡ
1008 249 1086 316 τῶν

60 350 301 440 προλαβόντων
329 347 465 440 ἀνδρῶν
492 356 693 440 προαίρεσις.
738 354 808 422 ἐπεὶ
835 353 891 422 καὶ
918 351 1076 421 Πλάτωνι

61 456 166 525 πολλὰ
194 456 465 546 μεμυθολόγηται
492 458 662 546 περὶτῶν
694 460 731 527 ἐν
758 457 845 551 ᾅδου
872 458 1077 548 πραγμάτων

60 566 284 649 θεολογοῦντι
315 564 372 632 καὶ
398 564 464 652 πρό
491 591 529 650 γε
560 564 684 634 τούτου
709 568 756 656 τῷ
789 568 847 652 τῆς
874 564 1076 652 Καλλιόπης,

31 666 264 738 ιἈντισθένει
300 669 338 738 δὲ
374 672 430 738 καὶ
466 672 663 757 Ξενοφῶντι
698 672 754 739 καὶ
791 667 881 763 αύτῷ
914 671 1132 740 Πλάτωνιλιτ
1161 702 1164 709 ·

60 776 387 864 πραγματευομένοις
414 773 536 863 ἠθικός
562 803 656 858 τινας
678 773 859 858 ὑποθέσεις
886 774 928 846 ού
955 778 1076 866 παρέρ-

61 909 143 968 γως,
167 878 251 951 άλλά
269 882 350 969 μετά
368 909 460 963 τινος
479 885 649 975 ἐμμελείας
666 878 687 971 η
705 886 779 973 τῶν
797 882 920 970 μύθων
938 885 1075 969 ἐγκατα-

61 989 214 1075 μέμικται
241 988 366 1077 γραφή,
394 985 454 1070 οὓς
482 991 592 1079 ἐχρῆν,
620 998 711 1078 είπερ
735 989 891 1077 ἐβούλου,
917 989 1076 1077 μιμούμε-

60 1121 125 1163 νον
157 1091 231 1162 όιντὶ
264 1095 324 1181 μὲν
348 1090 549 1184 Ἡρακλέους
580 1096 846 1184 μεταλαμβάνειν
873 1097 1028 1185 Περσέως
1055 1091 1077 1183 ἢ

16 1224 45 1262 10
62 1201 199 1288 Θησέως
234 1199 326 1282 τινὸς
362 1199 470 1289 όνομα
505 1203 563 1272 καὶ
598 1199 659 1271 τὸν
687 1199 934 1271 Ἀντισθένειου
970 1201 1078 1271 τύπον

61 1307 284 1395 ἐγχαράττειν,
312 1303 388 1375 άντὶ
411 1307 450 1376 δέ
472 1311 530 1396 ’της
548 1313 724 1398 Προδίκου
749 1310 968 1395 σκηνοποιίας
991 1305 1078 1396 ἀμφὶ
1135 1392 1161 1419 ,

60 1427 136 1482 τοιυ
164 1410 293 1501 άμφοῖυ
324 1413 461 1483 τούτοιν
492 1424 592 1483 θεοῖν
624 1416 741 1505 ἑτέραν
774 1411 895 1503 ὁμοίαν
928 1414 1115 1501 είσάγεινΒ

62 1525 110 1599 είς
137 1517 175 1587 τὸ
202 1522 357 1610 θέατρον.

141 1623 229 1694 Ἐπεὶ
258 1626 295 1694 δὲ
313 1627 369 1695 καὶ
396 1629 464 1695 τῶν
481 1630 677 1696 τελεστικῶν
704 1625 827 1714 μύθων
843 1592 1078 1759 έπεμνησθην,
1125 1688 1128 1695 ,

19 1752 48 1793 1⁵
62 1733 144 1822 φέρε
177 1735 242 1800 νύν
271 1728 409 1814 ὁποίους
436 1730 523 1802 εἶναι
554 1761 616 1822 χρη
644 1730 723 1814 τοὺς
755 1735 899 1824 εκατέρω
926 1735 995 1801 τῶν
1021 1759 1076 1820 με-

62 1841 134 1927 ρῶν
166 1834 390 1926 ἁρμόττοντας
422 1836 518 1908 αὐτοὶ
550 1836 630 1908 καθ’
666 1837 806 1920 ἑαυτούς
843 1844 929 1908 ίδεῑν
965 1864 1077 1926 πειρα-

61 1948 189 2032 θῶμεν,
218 1941 328 2013 οὐκέτι
355 1945 535 2036 μαρτύρων
562 1947 714 2014 παλαιῶν
741 1946 779 2012 ἐν
804 1948 888 2013 πᾶσι
914 1944 1078 2034 προσδεό-

62 2078 173 2139 μενοι,
211 2050 366 2138 ἑπόμενοι
399 2050 437 2120 δὲ
470 2054 560 2132 νέοις
597 2061 724 2139 ίχνεσιν
761 2047 900 2140 αἰνδρός,
938 2047 980 2119 ὃν
1012 2047 1077 2135 έγῶ

63 2155 145 2245 μετὰ
176 2156 256 2238 τούς
286 2156 391 2239 θεοὺς
423 2159 457 2239 ἐξ
485 2167 560 2245 ἴσης
587 2154 802 2247 Ἀριστοτέλει
833 2156 889 2225 καὶ
921 2155 1079 2225 Πλάτωνι
1094 2155 1133 2224 (λ’

22 2284 50 2324 20
63 2261 194 2351 άγαμαί
220 2263 281 2352 (τε)
310 2264 440 2352 τέθηπά
466 2291 510 2333 τε.
556 2265 640 2352 φησὶ
667 2263 705 2332 δέ
737 2259 799 2350 οὐχ
826 2258 910 2351 ὑπὲρ
943 2261 1080 2347 πάντων

64 2361 178 2456 οὗτος,
216 2366 287 2437 ἀλλ’
322 2365 406 2460 ὑπὲρ
443 2373 511 2439 τῶν
543 2372 753 2456 τελεστικῶν,
791 2365 851 2451 οὓς
887 2369 1080 2458 παρέδωκεν

63 2472 146 2564 ἡμῖν
175 2473 317 2563 Ὀρφεύς
350 2472 368 2545 ὁ
400 2476 460 2558 τὰς
492 2473 678 2564 ἁγιωτάτας
713 2474 844 2556 τελετάς
875 2473 1080 2562 καταστησά-
1120 2548 1123 2553 ,

64 2609 172 2670 μενος.
223 2580 260 2650 τὸ
298 2580 362 2672 γάρ
399 2585 436 2652 ἐν
471 2598 550 2664 τοῖς
579 2582 702 2671 μύθοις
738 2578 952 2672 άπεμφαῖνον
989 2576 1080 2671 αύτῷ

64 2689 173 2779 τούτῳ
210 2694 429 2778 προοδοποιεῐ
462 2687 546 2779 πρός
581 2686 643 2777 τὴν
683 2686 855 2778 ἀληθειαν.
911 2686 979 2778 ὅσῳ
1017 2684 1083 2776 γάρ

25 2814 51 2856 25
65 2799 194 2883 μᾶλλον
225 2794 418 2884 παράδοξόν
449 2798 519 2865 ἐστι
553 2797 610 2865 καὶ
645 2797 828 2884 τερατῶδες
858 2791 896 2863 τὸ
933 2803 1083 2881 αίνιγμα,

65 2901 215 2992 τοσούτω
244 2904 370 2989 μᾶλλον
389 2907 475 2970 ἔοικε
503 2901 799 2992 διαμαρτύρεσθαι,
826 2897 959 2989 μητολς
982 2896 1081 2968 αύτό-

67 3138 259 3214 1ἰοιι]έόθ
241 3167 374 3201 οτε....
392 3168 424 3212 νς
447 3152 478 3201 in
495 3152 519 3203 V
538 3150 643 3201 nullum
661 3155 704 3202 ent
721 3150 838 3201 lacunae
857 3149 999 3200 indicium.
1030 3147 1083 3197 De·

67 3233 131 3268 esse
150 3233 216 3268 vero
242 3221 326 3268 etiam
349 3219 482 3284 apodosin
501 3218 700 3271 animadvertit
717 3217 785 3273 Rsk.
826 3207 927 3298 1μά
945 3232 1009 3280 τυρι
1026 3219 1082 3279 pet.

65 3277 299 3363 ἵέμμελείαςν
337 3277 501 3365 ἐπιμελείας
574 3278 664 3346 8ους
687 3280 717 3351 ἐχ
741 3282 784 3353 ”ν]
805 3273 895 3344 ούςσ
897 3233 1082 3364 ’ἐγρηνΗΙ

64 3347 248 3432 μιμούμενον
266 3354 291 3402 Η
330 3347 506 3432 μιμούμενος
555 3349 715 3434 9Ηραιιλ
733 3368 783 3434 ους
800 3353 876 3403 Het
894 3347 973 3416 Cob.]
994 3343 1082 3413 Ηρα·

64 3415 151 3480 κλέος
233 3423 264 3470 11
278 3423 350 3471 et12
369 3411 445 3488 ἀμφὶ
463 3423 527 3474 τοιν
545 3412 659 3486 ύμφοιν
675 3411 749 3487 V]’
732 3423 844 3486 αμφοῖν
921 3420 954 3469 20
971 3432 1002 3468 τε
1019 3421 1084 3481 post

66 3483 181 3554 α”γαμοιι
200 3488 262 3538 εδδ.
282 3488 348 3539 Cob.
367 3490 432 3545 coll
450 3489 548 3554 Odyss.
569 3487 594 3552 ζ,
615 3489 664 3540 168
