2392 3960
25 124 31 131 ’
470 145 606 197 οεετιο
624 147 662 198 11.
1013 148 1075 214 115
1110 124 1113 131 '

55 270 328 362 προαγορεόεται.
377 275 574 360 νομοθετῶν
611 271 648 342 δὲ
684 269 769 362 ὑπὲρ
806 276 873 343 τῶν
909 277 1074 345 τοιούτων

55 375 160 468 ὕβριν
186 377 248 466 μὲν
266 379 321 447 καὶ
349 378 554 469 χαλεπότητα
580 381 637 448 καὶ
655 386 792 470 πικρίαν
810 384 879 449 τῶν
906 387 1074 472 τιμωριῶν

55 482 248 575 ἀφαιρήσει,
275 481 503 576 ἀποκληρώσει
522 485 560 554 δέ
587 482 702 568 αὐτοῖς
721 484 856 576 ἀνδρῶν
884 490 1073 579 σωφρόνων

56 593 113 662 καὶ
147 588 204 660 διὰ
235 589 361 673 παντὸς
393 595 455 662 τοῦ
485 599 564 682 βίον
596 593 750 681 βάσανον
782 590 824 663 οὐ
852 595 988 683 φαύλην
1015 599 1072 684 τῆς
1090 616 1116 670 D

29 694 172 771 εαῦτῶν
199 694 317 788 ἀρετῆς
342 701 605 789 παρασχομένων
632 698 669 768 τὸ
698 700 924 791 δικαστήριον,
952 709 988 771 οἳ
1012 731 1073 790 μη-

57 804 118 875 δὲν
146 801 308 886 αὐθαδῶς
334 805 419 894 μηδὲ
446 802 532 897 ὁρμῇ
559 834 625 875 τινι
652 811 822 888 παντελῶς
849 804 959 899 ἀλόγφ
987 810 1073 896 χρῶ-

56 939 163 1000 μενοι,
191 914 228 980 ἐν
256 907 379 1002 ἡμέρας
396 920 502 1004 μορίῳ
523 916 649 1004 σμικρῷ
668 913 942 1001 βουλευσόμενοι,
969 914 1073 1003 τυχόν

57 1018 94 1089 δέ
123 1015 214 1088 ὀόδὲ
249 1022 356 1108 βουλῇ
393 1020 524 1106 δόντες,
560 1015 646 1109 ὑπὲρ
683 1017 808 1108 ἀνδρὸς
839 1027 978 1090 πολίτου
1010 1020 1073 1109 τὴν

55 1127 219 1214 μέλαιναν
246 1135 379 1195 οἴσουσι
406 1129 533 1216 ψῆφον.
575 1123 666 1218 αότῶ
695 1126 731 1195 δὲ
759 1124 836 1195 οὔτε
865 1129 902 1196 ἐν
929 1131 969 1217 τῇ
988 1130 1072 1217 χειρὶ

18 1266 43 1305 ιο
56 1234 154 1320 ξίφος
181 1238 229 1313 είς
255 1239 405 1321 πολίτου,
432 1229 496 1302 κάν
524 1229 624 1322 ἀδικῇ
642 1231 683 1301 τά
706 1239 837 1321 ἔσχατα,
865 1233 976 1321 φόνον
995 1232 1073 1303 οὔτε

55 1343 93 1409 έν
129 1341 170 1428 τῇ
206 1342 297 1429 ψυχῇ
337 1341 478 1430 κέντρον
513 1335 648 1408 ὑπεῖναι
680 1340 758 1430 χρη,
796 1337 882 1409 ὅπου
918 1342 974 1408 καὶ
1010 1340 1073 1428 τὴν

55 1449 125 1515 τῶν
160 1449 320 1534 μελιττῶν
357 1441 488 1536 ὁρῶμεν
523 1446 771 1533 βασιλεύουσαν
807 1445 964 1536 καθαρὰν
1005 1443 1071 1516 ὑπὸ

54 1555 114 1641 τῆς
146 1552 280 1640 φύσεως
312 1553 479 1643 πλήκτρου
507 1556 702 1641 γενομένην.
744 1549 815 1622 ἀλλ’
846 1550 909 1622 οὐκ
940 1558 988 1633 είς
1015 1582 1070 1641 με-
1090 1581 1125 1631 90

56 1666 167 1741 λίττας
193 1661 369 1748 βλεπτέον,
402 1666 450 1741 είς
477 1657 583 1729 αότόν
611 1659 649 1729 δὲ
677 1658 770 1747 οἶμαι
797 1662 865 1728 τῶν
891 1662 984 1728 θεῶν
1011 1658 1073 1729 τὸν

20 1802 44 1841 15
56 1769 205 1855 βασιλέα,
234 1757 339 1855 οὗπερ
367 1763 454 1836 εἶναι
480 1765 542 1856 χρὴ
571 1765 632 1835 τὸν
659 1763 795 1854 ἀληθῶς
822 1764 967 1855 ἀρχοντα
991 1792 1071 1855 προ-

55 1873 168 1962 φήτην
194 1875 249 1942 καὶ
277 1868 456 1962 ὑπηρέτην.
498 1870 627 1942 οὐκοῦν
655 1869 718 1941 ὅσα
737 1872 797 1961 μὲν
817 1869 931 1959 ἀγαθὰ
954 1875 1073 1959 γέγονε

55 1982 224 2061 παντελῶς
250 1981 309 2067 τῆς
336 1983 489 2061 ἐναντίας
516 1977 635 2067 ἀμικτα
663 1979 797 2066 φύσεως
823 1981 879 2046 καὶ
907 1972 957 2048 ἐπ”
985 1976 1071 2067 ῶφε-

55 2094 128 2176 λείᾳ
155 2089 252 2176 κοινῇ
284 2082 353 2154 τῶν
385 2083 577 2177 ἀνθρώπων
604 2086 661 2154 καὶ
687 2088 749 2154 τοῦ
781 2083 905 2165 παντὸς
932 2085 1072 2172 κόσμου,

18 2270 22 2277 ,
56 2193 185 2263 τούτων
222 2193 260 2261 δέ
297 2189 399 2274 αὐτὸς
435 2185 478 2281 ἦν
510 2220 544 2261 τε
576 2193 632 2262 καὶ
670 2198 739 2260 ἔστι
777 2192 994 2281 δημιουργός·
1030 2190 1072 2260 τὰ

20 2297 141 2373 εικακόι
173 2299 211 2367 δὲ
244 2296 315 2369 οὔτ’
351 2302 530 2387 ἐγέννησεν
563 2295 635 2368 οὔτ’
676 2298 830 2378 ἐπέταξεν
862 2294 964 2383 εἶναι,
997 2295 1069 2366 ἀλλ’

55 2403 141 2475 αὐτὰ
168 2405 229 2494 μέν
257 2405 489 2493 ἐφυγάδευσεν
517 2408 550 2488 ἐξ
578 2402 739 2496 οὐρανοῦ,
766 2406 841 2492 περὶ
861 2403 898 2472 δὲ
924 2401 987 2492 τὴν
1006 2405 1106 2491 γῆνΒ

55 2512 265 2602 στρεφόμενα
292 2513 347 2581 καὶ
374 2510 437 2600 τὴν
465 2515 594 2582 ἐκεῖθεν
623 2509 781 2580 ἀποικίαν
809 2519 985 2579 σταλεῖσαν
1003 2514 1071 2578 τῶν

10 2604 14 2721 Ι
55 2622 174 2708 ψυχῶν
202 2619 427 2707 διαλαβόμενα
455 2626 583 2709 κρίνειν
603 2620 734 2699 ἐπέταξε
752 2619 808 2687 καὶ
837 2623 1071 2706 διακαθαίρειν

10 2728 13 2793 Ι
55 2741 125 2807 τοῖς
157 2721 264 2795 αὑτοῦ
295 2728 389 2795 παισὶ
421 2728 477 2795 καὶ
509 2725 670 2812 ἐγγόνοις.
710 2724 842 2793 τούτων
874 2724 912 2793 δὲ
945 2728 981 2793 οί
1009 2726 1072 2811 μέν

10 2824 120 2905 Ιιιείσι
150 2835 294 2922 σωτῆρες
321 2834 377 2901 καὶ
405 2835 576 2923 ἐπίκουροι
604 2834 661 2919 της
680 2827 899 2921 ἀνθρωπίνης
927 2829 1071 2918 φύσεως,

125 2987 139 3035 1
157 2985 254 3036 Malim
270 3000 482 3067 προηγορευτοιι
497 2976 538 3047 Ι
522 2979 578 3036 υπὲ
580 3002 596 3050 ρ
613 2981 682 3049 VM]
702 2980 768 3046 περὶ
837 2986 852 3034 ὅ
872 2978 903 3035 τὸ
924 2983 1006 3034 velim
1024 2983 1071 3033 ab·

17 3080 23 3101 ·.
57 3068 118 3104 esse
146 3052 150 3115 Ι
176 3047 275 3119 μηδὲν
296 3053 321 3103 V
390 3049 621 3130 6αόθαδῶς],,
627 3052 710 3101 Videt
699 3055 744 3101 tur
766 3049 919 3110 ποιοῦντες
942 3051 988 3101 vel
1006 3049 1071 3130 κρί-

56 3137 157 3179 νοντες
174 3120 299 3172 deessef‘
317 3121 385 3172 Rsk.
456 3123 526 3186 λαμ
529 3137 573 3185 ικρ
576 3137 597 3169 ω
586 3111 722 3184 VM]
704 3136 741 3178 ως
759 3118 849 3184 μιαρῷ
911 3113 1017 3170 8οόδὲ
1036 3116 1071 3183 V]

57 3182 362 3271 οόΙβονληΙβουλὴν
379 3189 415 3239 H.
446 3138 986 3266 vid‚Madxen0h.c.D.V11‚2,26
1040 3188 1072 3237 10

16 3268 20 3275 ’
56 3272 122 3309 οντε
145 3255 181 3320 Η]
205 3251 276 3308 ουδε
347 3258 463 3306 110t12
486 3250 539 3320 τὴν
561 3252 617 3306 τῶν
635 3203 706 3321 ij
696 3253 753 3305 τῶν
770 3252 809 3336 Ι
822 3272 877 3318 την
901 3259 965 3306 ante
989 3253 1072 3335 βασι

58 3317 199 3377 λεόονσαν
222 3324 305 3391 vulgo
324 3326 443 3389 positum
462 3339 514 3375 om.
532 3325 556 3374 V
626 3324 658 3373 14
680 3319 722 3382 είς
740 3313 831 3374 αότόν
848 3317 930 3387 Rsk.]
955 3314 1002 3372 ἐπ’
1022 3310 1071 3371 αό·

57 3386 107 3443 τόν
160 3394 192 3444 18
209 3392 293 3460 κοινῇ
311 3389 377 3472 τῶν]
396 3390 480 3456 κοινῇ
498 3407 528 3442 τε
546 3391 571 3469 V
588 3390 633 3454 (cf.
652 3390 688 3439 ad
702 3388 796 3469 700),
815 3392 940 3442 κινεῖται
958 3389 987 3437 Μ
1038 3391 1072 3438 20

10 3454 18 3563 Ι
58 3450 118 3511 οὔτ’
138 3461 182 3511 b1s
199 3457 269 3527 VM]
295 3451 363 3512 οότε
433 3461 464 3510 21
488 3476 563 3511 αντα
581 3455 649 3523 ΨΜ,
672 3448 760 3516 αὐτὸς
829 3448 1014 3522 24l20v013
1032 3452 1069 3521 V]

57 3518 185 3593 ἐκγόνοις

820 3607 857 3659 g*
