2370 3908
468 185 605 239 οεκτιο
623 188 673 239 111.
1018 188 1077 251 141

56 340 166 403 μενον
197 310 279 382 οὐδὲ
315 312 454 402 ίδιιόπην
490 311 677 383 ἀκόλαστον
710 314 817 403 ίσχάει
848 322 980 385 πείθειν
1015 315 1079 406 τὴν

57 420 227 509 γαμήλιον
254 417 381 501 ἀνάψαι
398 420 566 508 λαμπάδα,
594 419 694 509 άμφω
715 421 753 490 δὲ
780 418 847 510 ἅμα
867 422 1077 491 συνελθόντα

58 527 173 615 γάμον
199 525 262 614 μὲν
290 524 414 615 ἥρμοσε
431 527 600 614 πολλάκις,
628 525 873 616 ἀπολειπόμενα
901 528 938 597 δὲ
965 532 1023 617 τῆς
1041 532 1077 599 έκ

58 636 129 701 τῶν
160 632 295 722 τρόπων
330 628 493 723 ἁρμονίας
528 635 583 702 καὶ
620 634 752 724 χάριτος
785 631 827 703 οὐ
859 640 936 703 λίαν
964 636 1131 724 έφάνηιιο

33 739 197 827 ιζηλωτά.
241 741 347 808 ταῦτα
374 739 593 827 ἐπιστάμενον
620 743 737 827 σαφῶς
763 739 824 809 τὸν
852 743 991 828 βασιλέα
1017 741 1078 811 τὸν

60 845 225 935 σαόφρονα
252 852 360 933 φαίην
387 841 431 914 άν
458 846 592 927 εἰκότως
619 846 777 927 πολλάκις
803 848 1077 935 βουλευσάμενον

60 954 198 1021 ἑλέσθαι
224 951 285 1020 τὸν
312 951 432 1040 γάμον,
459 951 500 1021 τά
518 953 580 1040 μὲν
599 951 693 1041 οἶμαι
721 953 995 1040 πυνθανόμενον,
1015 950 1077 1022 ὅσα

60 1062 146 1147 χρῆν
179 1056 224 1126 δι’
259 1055 361 1146 άκοης
395 1059 472 1148 περὶ
505 1056 607 1147 αὐτῆς
642 1069 781 1147 μαθεῖν,
817 1058 1078 1149 τεκμαιρόμενον

62 1164 99 1233 δὲ
126 1161 193 1233 άπὸ
220 1168 280 1252 τῆς
310 1163 434 1254 μητρὸς
466 1163 528 1252 τὴν
559 1163 728 1248 εὐταξίαν·
762 1161 846 1255 ὑπὲρ
875 1156 913 1253 ἧς
944 1164 984 1234 τὰ
1017 1165 1078 1255 μὶν

10 1268 146 1357 Ιοάλλα
173 1277 209 1338 τί
233 1276 287 1339 δεῖ
311 1272 469 1357 λέγοντας
498 1276 693 1361 διατρίβειν,
722 1273 874 1363 καθάπερ
894 1269 956 1341 οὐκ
984 1279 1077 1360 έχον-

10 1368 15 1481 ἷ
61 1404 120 1458 τας
149 1382 239 1446 ίδιον
266 1377 432 1465 ἐγκώμιον
451 1377 548 1467 (τῆς),
576 1374 660 1467 ὑπὲρ
679 1369 718 1466 ἧς
737 1374 754 1447 ό
775 1379 885 1465 λόγος,
913 1382 1077 1461 διελθεῖν;

10 1486 14 1589 Ι
62 1485 226 1552 τοσοῦτον
253 1483 291 1552 δὲ
319 1493 400 1564 ίσως
428 1481 506 1553 οὕτε
533 1490 638 1553 εἰπεῖν
671 1482 749 1553 οὔτε
781 1488 963 1554 ἐπακοῦσαι
991 1482 1114 1561 πολύΒ

10 1616 13 1669 ;
63 1591 117 1658 καὶ
146 1591 304 1679 ἐργῶδες,
333 1587 383 1660 ότι
412 1588 453 1678 δὴ
483 1594 580 1676 γένος
606 1590 667 1679 μέν
695 1588 780 1681 αὐτῇ
808 1591 942 1680 σφόδρα
966 1586 1077 1678 Ἑλλη-

10 1696 13 1707 ’
64 1695 171 1782 νικόν,
195 1691 364 1784 Ἑλλήνων
390 1699 458 1764 τῶν
485 1697 590 1783 πάνυ,
623 1698 679 1765 καὶ
707 1697 802 1778 πόλις
829 1693 849 1786 ἡ
877 1697 1078 1787 μητρόπολις

10 1800 122 1905 Ιιιτης
153 1807 386 1888 Μακεδονίας,
424 1803 629 1894 σωφροσύνη
663 1802 700 1871 δέ
732 1800 816 1893 ὑπέρ
848 1831 882 1872 τε
915 1801 1078 1891 Εὐάδνην

63 1906 124 1995 τὴν
161 1911 346 1990 Καπανέως
381 1910 436 1979 καὶ
473 1908 535 1997 τὴν
573 1907 741 1996 Θετταλὴν
780 1913 911 1998 ἐκείνην
943 1910 1077 1978 Λαοδά-

64 2041 169 2101 μειαν.
215 2019 253 2082 αί
277 2015 338 2103 μὶν
370 2012 434 2105 γάρ
461 2013 586 2096 καλοὺς
616 2017 672 2084 καὶ
705 2019 804 2096 νέους
836 2017 891 2084 καὶ
920 2021 966 2083 ἔτι
994 2044 1078 2101 νυμ-

10 2152 16 2219 Ι
65 2128 167 2207 φίους
194 2119 273 2201 τοὺς
302 2118 429 2210 άνδρας
462 2119 699 2212 άφαιρεθεῖσαι
733 2120 906 2210 δαιμόνων
932 2127 991 2211 βίᾳ
1018 2128 1078 2209 βα-

10 2224 16 2297 l
65 2226 200 2295 σκάνων
227 2223 247 2315 ἢ
276 2231 405 2317 μοιρῶν
432 2228 556 2316 νήμασι
574 2231 635 2297 τοῦ
664 2231 720 2316 ζῆν
747 2223 926 2317 ὑπερεῖδον
946 2225 1002 2296 διά
1020 2225 1080 2295 τὸν

31 2338 183 2422 αέρωτα,
210 2329 231 2421 ἡ
259 2336 311 2420 δέ,
345 2332 457 2422 ἐπειδὴ
486 2333 523 2403 τὸ
550 2332 658 2424 χρεων
685 2332 746 2409 τὸν
774 2339 949 2423 κουρίδιον
977 2330 1115 2421 αότῆςο

65 2436 174 2529 άνδρα
202 2442 375 2527 κατέλαβε,
407 2456 477 2521 τοῖς
504 2443 598 2509 παισὶ
625 2442 887 2530 προσκαθημένη
915 2442 1080 2509 τοσοῦτον

10 2612 12 2621 ,
65 2547 117 2614 ἐπὶ
148 2546 353 2635 σωφροσύνη
382 2549 476 2628 κλέος
503 2543 587 2636 αὕτη
616 2547 807 2636 εἰργάσατο,
841 2544 924 2615 ωστε
951 2550 991 2636 τῇ
1019 2545 1081 2635 μὲν

10 2628 15 2795 Ι
65 2651 261 2741 Πηνελόπη,
297 2653 473 2780 περιόντος
505 2659 552 2722 ἔτι
584 2654 640 2721 καὶ
672 2655 894 2742 πλανωμένου
927 2656 988 2722 τοῦ
1021 2651 1081 2740 γή-

10 2785 206 2846 ,μαντος,
238 2758 378 2893 προσηει
408 2756 449 2827 τά
487 2758 640 2849 μειράκια
673 2759 946 2847 μνηστευσόμενα
980 2765 1015 2828 ἔκ
1047 2784 1080 2825 τε

31 2862 197 2953 σἸθάκης
223 2866 279 2934 καὶ
307 2863 428 2954 Σάμου
455 2867 510 2934 καὶ
539 2872 741 2952 Δουλιχίου,
773 2869 813 2955 τῇ
843 2863 924 2935 δέ’
907 2893 992 2954 ανηρ
1020 2863 1081 2952 μέν

65 2968 180 3052 οὐδεὶς
215 2970 315 3053 καλὸς
358 2974 414 3040 καὶ
455 2967 613 3060 μέγας”
592 3001 613 3061 η
652 2970 787 3061 ἰσχυρὸς
827 2972 883 3040 καὶ
923 2970 1083 3051 πλούσιος

66 3080 96 3165 [,
126 3075 177 3165 ὃς]
207 3073 292 3168 ὑπὲρ
319 3078 449 3146 τούτων
468 3083 515 3159 είς
534 3078 655 3164 λόγους
684 3081 797 3147 ἐλθεῖν
815 3073 974 3166 ὑπέμεινέ
990 3098 1080 3147 ποτε·

136 3297 151 3345 2
171 3287 297 3362 άνάψαι]
317 3287 491 3361 αναλαμψαι
510 3298 533 3347 V
596 3298 612 3347 6
630 3290 769 3355 πολλάκις
787 3292 855 3361 VM]
877 3292 928 3346 καὶ
945 3287 1083 3352 πολλάκις

65 3354 232 3441 δίχρῆνῗ
318 3366 350 3413 11
373 3362 425 3428 τῆς
444 3363 506 3417 add.
527 3363 593 3415 Cob.
681 3366 712 3414 15
735 3356 809 3428 όπέρ
828 3360 868 3429 τε]
891 3354 964 3428 ὑπὲρ
986 3357 1083 3443 τὴνδ’

66 3434 100 3482 16
127 3423 307 3511 λαοδάμειαν
329 3429 363 3497 V]
387 3430 561 3508 Λαοδαμίαν
583 3423 748 3496 (λαοδάμαν
772 3431 812 3493 Μ)
899 3434 932 3481 20
958 3422 1083 3509 αότηςν

65 3501 100 3549 22
119 3491 194 3563 αὐτῇ
213 3498 240 3548 V
320 3499 353 3548 24
370 3492 607 3564 μνηστευοόμενα
624 3496 693 3565 VM]
715 3489 933 3564 μνηστευόμενα
1013 3488 1081 3549 26
1065 3515 1082 3564 η

67 3582 120 3617 om.
138 3568 164 3618 V
234 3554 315 3624 2λδς
335 3566 439 3617 delevit
457 3566 609 3617 Horkelius
