2370 3908
89 184 153 249 244
387 185 531 237 IULIANI
554 182 803 235 IMPERATORIS

88 311 283 401 Ἰάμβλιχος,
307 309 468 380 ἀλλάκαί
491 309 571 392 τοὺς
593 317 802 400 κορυφαίους
825 313 862 379 ἐν
881 307 977 398 αὐτῇ,
1003 307 1034 377 Ἀ

92 423 197 507 σθίνη
227 420 282 487 καὶ
302 420 448 506 Διογένη
468 420 522 486 καὶ
541 417 709 507 Κράτητα,
737 412 788 498 οἷς
805 420 866 486 τοῦ
885 423 963 505 βίον
983 437 1034 484 σκ(

90 517 134 612 ἦν
165 527 220 595 καὶ
253 527 346 606 τέλος
379 521 503 606 αὑτοὺς
535 522 626 611 οἶμαι
654 526 782 610 γνῶναι
814 524 869 592 καὶ
896 526 966 591 τῶν
998 550 1034 591 κε

91 628 264 721 ὑπεριδεῖν
283 634 404 718 δοξῶν,
432 629 591 718 ἀληθείας
610 633 658 718 δέ,
681 627 702 718 ἣ
721 630 858 699 πάντων
876 629 937 717 μὲν
966 626 1034 714 ἀγα

90 749 200 826 θεοῖς,
232 739 369 807 πάντων
401 738 438 807 δὲ
471 735 666 827 ἀνθρώποις
702 733 843 824 ἡγεῖται,
881 733 958 824 ὅλη,
991 764 1034 822 φο

53 845 334 935 Οέπιδράξασθαι
361 849 401 934 τῇ
430 850 579 934 διανοίᾳ,
611 836 651 930 ἧς
679 842 770 931 οἶμαι
797 844 852 911 καὶ
880 841 1025 911 Πλάτων

92 951 303 1041 Πυθαγόρας
333 953 389 1021 καὶ
417 951 599 1040 Σωκράτης
628 954 663 1019 οἵ
691 976 725 1018 τε
758 951 794 1017 ἐκ
825 951 886 1017 τοῦ
914 958 1034 1038 Περιπι

92 1060 149 1128 καὶ
168 1059 289 1146 Ζήνων
316 1061 412 1127 ἕνεκα
439 1057 547 1125 πάντα
576 1052 758 1144 ὑπέμειναν
785 1055 904 1141 πόνον,
932 1052 1034 1124 αὑτοῦ

94 1166 266 1244 ἐθέλοντες
302 1167 432 1251 γνῶναι
468 1164 524 1232 καὶ
565 1161 609 1251 μὴ
650 1178 763 1243 κεναῖς
803 1165 944 1231 ἕπεσθαι
986 1161 1034 1241 δόλΙ

94 1267 177 1339 ἀλλά
205 1267 268 1358 τὴν
296 1272 333 1338 ἐν
359 1285 429 1352 τοῖς
456 1261 555 1339 οὖσιν
587 1267 750 1358 ἀλήθειαν
778 1265 981 1356 ἀνιχνεῦσαι.
1029 1298 1034 1332 ι

95 1368 169 1463 οὖν,
197 1374 310 1464 ἐπειδὴ
334 1379 484 1465 πέφηνεν
507 1373 571 1446 οάκ
594 1373 674 1445 ἀλλο
698 1375 760 1463 μὲν
783 1374 1034 1462 ἐπιτηδεύσας]

94 1510 177 1568 των,
210 1485 324 1572 ἕτερον
357 1483 393 1552 δὲ
421 1486 602 1612 Διργένης,
634 1486 672 1550 ἓν
699 1483 739 1551 δέ
768 1509 800 1550 τι
828 1483 883 1550 καὶ
914 1478 1034 1549 ταύτόν

94 1592 182 1676 γοῦν
219 1589 326 1678 ἔροιτό
367 1616 416 1670 τις
451 1587 512 1658 τόν
550 1587 660 1676 σοφὸν
692 1588 858 1658 Πλάτωνα
895 1585 959 1673 ,τὸ
995 1593 1034 1654 Γι

96 1693 222 1765 σαυτὸν
253 1695 361 1764 πόσου
394 1695 570 1784 νενόμικας
608 1693 744 1777 ἀξιον;“
777 1685 816 1763 εὖ
853 1691 929 1763 οἶδα
967 1691 1018 1762 ὅτι

52 1801 220 1882 Βπαντὸς
259 1796 340 1891 (ἀν)
378 1801 508 1890 φήσειε,
544 1804 599 1870 καὶ
637 1802 722 1888 λέγει
760 1800 797 1870 δὲ
838 1802 876 1868 ἐν
909 1797 1032 1887 Ἀλκιβι

98 1910 198 1998 δεῦρο
228 1906 269 1996 δὴ
303 1907 340 1977 τὸ
369 1906 464 1996 μετὰ·
482 1911 581 1978 τοῦτο
610 1908 743 1997 φράσον
770 1903 865 1996 ἡμῖν,
899 1898 926 1974 ὦ
959 1913 1034 1994 δαιμ

97 2014 241 2083 Πλάτων
272 2017 328 2084 καὶ
359 2017 452 2084 θεῶν
484 2021 602 2101 ἔκγονε
634 2066 654 2100 ,,
663 2020 746 2083 Τίνα
777 2014 903 2102 τρόπον
935 2012 996 2103 χρὴ
1030 2044 1034 2081 :

96 2118 155 2201 τὰς
185 2124 254 2192 τῶν
285 2124 418 2190 πολλῶν
451 2126 642 2190 διακεῖσθαι
675 2120 809 2206 δόξαςζί,
841 2116 946 2188 ταύτά
977 2147 1012 2187 τε

97 2227 153 2296 καὶ
181 2231 228 2295 ἔτι
255 2224 338 2317 πρὸς
368 2227 500 2308 τούτοις
532 2225 613 2296 ὅλον
643 2220 725 2314 ἡμῖν
756 2225 897 2308 ἐπιτάξει
925 2232 1034 2315 διαρρτ

99 2329 293 2420 ἀναγνῶναι
310 2332 371 2404 τὸν
389 2339 547 2423 Κρίτωνα
565 2331 748 2420 διάλογον,
759 2324 802 2401 οὗ
820 2340 974 2420 φαίνεται
993 2357 1034 2401 πο

7 2475 10 2479 ·
98 2441 170 2508 νῶν
189 2440 372 2528 Σωκράτης
397 2439 503 2528 μηδὲν
531 2445 719 2528 φροντίζειν
741 2434 827 2526 ἡμᾶς
853 2443 922 2508 τῶν
939 2439 1034 2508 τοιοό

100 2547 184 2632 φησὶ
211 2549 311 2632 γοῦν·
337 2543 433 2615 Ἀλλά
460 2553 496 2614 τί
519 2540 611 2633 ἡμῖν,
640 2535 666 2612 ά
693 2545 833 2634 μακάριε
851 2552 996 2634 Κρίτων,
1026 2574 1034 2614 ι

48 2653 163 2738 189τῇς
199 2653 269 2719 τῶν
304 2654 437 2721 πολλῶν
474 2652 573 2740 δόξης
608 2652 711 2739 με’λει;
748 2649 818 2719 εἶτα
854 2648 947 2740 ἡμεῖς
981 2679 1034 2720 τοι

99 2752 315 2848 ὑπεριδόντες
342 2754 555 2846 ἀποτειχίζειν
583 2751 695 2837 διπλοῖς
723 2752 847 2826 οὑτωσί
874 2760 930 2828 καὶ
958 2755 1034 2828 ἀπο(

99 2860 227 2954 ἀνδρας
252 2861 406 2954 ,ἀλλήλων
424 2866 595 2952 ἐθέλομεν,
622 2859 682 2943 οὓς
700 2858 718 2931 ό
737 2865 796 2951 τῆς
823 2862 984 2952 ἀληθείας
1011 2886 1034 2933 σ

99 2996 204 3058 γαγεν
236 2975 319 3060 ἔρως
349 2969 372 3060 ἥ
402 2998 437 3040 τε
468 2973 526 3058 τῆς
558 2969 658 3058 δόξης
694 2965 859 3059 ὑπεροψία
890 2973 946 3040 καὶ
977 2966 998 3058 ἡ
1032 3008 1034 3040 ι

165 3209 232 3264 4et
250 3213 266 3264 5
284 3204 482 3279 ἀληθείας-
500 3201 627 3278 ηγεῖται]
644 3207 717 3263 Plat.
729 3213 806 3278 Legg
808 3213 853 3264 ,V
871 3213 953 3265 ⁷30ss
1012 3217 1029 3264 4

101 3277 190 3340 θείας
217 3273 251 3332 δὲ
278 3278 312 3332 G.
330 3279 475 3331 Helferich
501 3277 612 3346 (Krates
637 3279 772 3359 Gebetp.
769 3226 847 3348 εῖδΠ
875 3275 910 3331 ἀλ
933 3278 1019 3340 θείας

100 3341 220 3399 πάντων
237 3340 292 3480 μὲν
311 3344 413 3415 Μία]
431 3339 601 3481 πιληηιωνε
633 3339 838 3467 ὃθάνθράιηηις
854 3347 916 3468 Ιέρρ
945 3343 1034 3482 ἕηθμ

102 3485 135 3534 15
101 3407 360 3549 Ηάδδεδδασλδω
382 3411 461 3535 Im
463 3406 601 3566 mma}
603 3430 697 3534 wlff
752 3484 785 3536 18
806 3414 988 3536 τοίίιτάυΒελι.
992 3435 1034 3552 ]οί

102 3553 135 3600 22
154 3557 181 3601 et
199 3553 232 3604 23
251 3544 325 3604 ἀλλὰ
343 3481 423 3602 ἀί-
440 3481 575 3618 pendo
601 3554 659 3603 ton.
676 3549 743 3603 440
