<?xml version="1.0" encoding="UTF-8"?>
<!DOCTYPE html PUBLIC "-//W3C//DTD XHTML 1.0 Transitional//EN"
    "http://www.w3.org/TR/xhtml1/DTD/xhtml1-transitional.dtd">
<html xmlns="http://www.w3.org/1999/xhtml" xml:lang="en" lang="en">
 <head>
  <title>
</title>
<meta http-equiv="Content-Type" content="text/html;charset=utf-8" />
  <meta name='ocr-system' content='tesseract 3.04.00' />
  <meta name='ocr-capabilities' content='ocr_page ocr_carea ocr_par ocr_line ocrx_word'/>
</head>
<body>
  <div class='ocr_page' id='page_1' title='image "./iulianiimperato00juligoog_0224.png"; bbox 0 0 2370 3908; ppageno 0'>
   <div class='ocr_carea' id='block_1_1' title="bbox 121 170 835 236">
    <p class='ocr_par' dir='ltr' id='par_1_1' title="bbox 121 170 835 236">
     <span class='ocr_line' id='line_1_1' title="bbox 121 170 835 236; baseline 0.015 -26"><span class='ocrx_word' id='word_1_1' title='bbox 121 173 183 236; x_wconf 76' lang='lat'><strong><em>212</em></strong></span> <span class='ocrx_word' id='word_1_2' title='bbox 420 172 563 223; x_wconf 70' lang='lat' dir='ltr'><strong>IULIANI</strong></span> <span class='ocrx_word' id='word_1_3' title='bbox 586 170 835 223; x_wconf 80' lang='lat' dir='ltr'>IMPERATORIS</span> 
     </span>
    </p>
   </div>
   <div class='ocr_carea' id='block_1_2' title="bbox 77 290 1181 3157">
    <p class='ocr_par' dir='ltr' id='par_1_2' title="bbox 77 290 1181 3157">
     <span class='ocr_line' id='line_1_2' title="bbox 121 290 1137 389; baseline -0.003 -19"><span class='ocrx_word' id='word_1_4' title='bbox 121 301 239 388; x_wconf 91' lang='grc' dir='ltr'><strong><em>λόγον,</em></strong></span> <span class='ocrx_word' id='word_1_5' title='bbox 276 299 435 389; x_wconf 77' lang='grc' dir='ltr'><strong><em>ἐχρήσατο</em></strong></span> <span class='ocrx_word' id='word_1_6' title='bbox 469 296 500 367; x_wconf 91' lang='grc' dir='ltr'><strong><em>δ’</em></strong></span> <span class='ocrx_word' id='word_1_7' title='bbox 537 290 600 367; x_wconf 82' lang='grc' dir='ltr'><strong><em>οὖν</em></strong></span> <span class='ocrx_word' id='word_1_8' title='bbox 637 296 733 387; x_wconf 81' lang='grc' dir='ltr'><strong><em>ὅμως.</em></strong></span> <span class='ocrx_word' id='word_1_9' title='bbox 783 296 820 366; x_wconf 87' lang='grc' dir='ltr'><strong><em>τὸ</em></strong></span> <span class='ocrx_word' id='word_1_10' title='bbox 852 298 1063 387; x_wconf 90' lang='grc' dir='ltr'><strong><em>παράδειγμα</em></strong></span> <span class='ocrx_word' id='word_1_11' title='bbox 1101 297 1137 367; x_wconf 76' lang='grc' dir='ltr'><strong><em>δέ</em></strong></span> 
     </span>
     <span class='ocr_line' id='line_1_3' title="bbox 123 400 1180 494; baseline 0 -18"><span class='ocrx_word' id='word_1_12' title='bbox 123 405 185 476; x_wconf 80' lang='grc' dir='ltr'><strong><em>οὐκ</em></strong></span> <span class='ocrx_word' id='word_1_13' title='bbox 218 412 265 487; x_wconf 89' lang='grc' dir='ltr'><strong><em>είς</em></strong></span> <span class='ocrx_word' id='word_1_14' title='bbox 297 404 468 487; x_wconf 81' lang='grc' dir='ltr'><strong><em>ἀπόδειξιν</em></strong></span> <span class='ocrx_word' id='word_1_15' title='bbox 501 407 592 494; x_wconf 83' lang='grc' dir='ltr'><strong><em>φέρω</em></strong></span> <span class='ocrx_word' id='word_1_16' title='bbox 625 407 686 473; x_wconf 80' lang='grc' dir='ltr'><strong><em>τοῦ</em></strong></span> <span class='ocrx_word' id='word_1_17' title='bbox 718 404 834 491; x_wconf 82' lang='grc' dir='ltr'><em>λόγου·</em></span> <span class='ocrx_word' id='word_1_18' title='bbox 872 406 927 473; x_wconf 78' lang='grc' dir='ltr'><strong><em>καὶ</em></strong></span> <span class='ocrx_word' id='word_1_19' title='bbox 960 401 1025 494; x_wconf 85' lang='grc' dir='ltr'><strong><em>γάρ</em></strong></span> <span class='ocrx_word' id='word_1_20' title='bbox 1057 400 1139 472; x_wconf 72' lang='grc' dir='ltr'><strong><em>ου’δὲ</em></strong></span> <span class='ocrx_word' id='word_1_21' title='bbox 1176 472 1180 477; x_wconf 91' lang='grc'><strong><em>,</em></strong></span> 
     </span>
     <span class='ocr_line' id='line_1_4' title="bbox 123 508 1139 602; baseline -0.003 -20"><span class='ocrx_word' id='word_1_22' title='bbox 123 511 290 593; x_wconf 76' lang='grc' dir='ltr'><em>ἀποδείξει</em></span> <span class='ocrx_word' id='word_1_23' title='bbox 318 511 379 602; x_wconf 81' lang='grc' dir='ltr'><strong><em>χρὴ</em></strong></span> <span class='ocrx_word' id='word_1_24' title='bbox 408 519 523 600; x_wconf 79' lang='grc' dir='ltr'><em>λαβεῖν</em></span> <span class='ocrx_word' id='word_1_25' title='bbox 551 508 644 598; x_wconf 79' lang='grc' dir='ltr'><strong><em>αὐτό,</em></strong></span> <span class='ocrx_word' id='word_1_26' title='bbox 672 508 743 580; x_wconf 82' lang='grc' dir='ltr'><strong><em>ἀλλ’</em></strong></span> <span class='ocrx_word' id='word_1_27' title='bbox 775 514 911 600; x_wconf 74' lang='grc' dir='ltr'><strong><em>ἐπιβολῇ</em></strong></span> <span class='ocrx_word' id='word_1_28' title='bbox 939 511 1037 600; x_wconf 87' lang='grc' dir='ltr'><strong><em>μόνη,</em></strong></span> <span class='ocrx_word' id='word_1_29' title='bbox 1063 511 1139 599; x_wconf 82' lang='grc' dir='ltr'><strong><em>περὶ</em></strong></span> 
     </span>
     <span class='ocr_line' id='line_1_5' title="bbox 123 613 1140 710; baseline -0.003 -22"><span class='ocrx_word' id='word_1_30' title='bbox 123 617 186 710; x_wconf 86' lang='grc' dir='ltr'><strong><em>γάρ</em></strong></span> <span class='ocrx_word' id='word_1_31' title='bbox 214 623 282 688; x_wconf 79' lang='grc' dir='ltr'><strong><em>τῶν</em></strong></span> <span class='ocrx_word' id='word_1_32' title='bbox 309 618 451 708; x_wconf 80' lang='grc' dir='ltr'><strong><em>πρώτων</em></strong></span> <span class='ocrx_word' id='word_1_33' title='bbox 478 621 595 686; x_wconf 80' lang='grc' dir='ltr'><strong><em>αίτιῶν</em></strong></span> <span class='ocrx_word' id='word_1_34' title='bbox 623 613 752 704; x_wconf 79' lang='grc' dir='ltr'><strong><em>ἐστινῆ</em></strong></span> <span class='ocrx_word' id='word_1_35' title='bbox 780 620 848 685; x_wconf 78' lang='grc' dir='ltr'><strong><em>τῶν</em></strong></span> <span class='ocrx_word' id='word_1_36' title='bbox 867 644 903 704; x_wconf 92' lang='grc' dir='ltr'><strong><em>γε</em></strong></span> <span class='ocrx_word' id='word_1_37' title='bbox 932 613 1140 705; x_wconf 87' lang='grc' dir='ltr'><strong><em>ὁμοστοίχων</em></strong></span> 
     </span>
     <span class='ocr_line' id='line_1_6' title="bbox 123 715 1163 816; baseline 0 -23"><span class='ocrx_word' id='word_1_38' title='bbox 123 741 193 807; x_wconf 79' lang='grc' dir='ltr'><strong><em>τοῖς</em></strong></span> <span class='ocrx_word' id='word_1_39' title='bbox 224 725 383 816; x_wconf 78' lang='grc' dir='ltr'><strong><em>πρώτοις,</em></strong></span> <span class='ocrx_word' id='word_1_40' title='bbox 416 734 506 815; x_wconf 87' lang='grc' dir='ltr'><strong><em>είπερ</em></strong></span> <span class='ocrx_word' id='word_1_41' title='bbox 539 720 620 813; x_wconf 73' lang='grc' dir='ltr'><strong><em>ἡμῖν</em></strong></span> <span class='ocrx_word' id='word_1_42' title='bbox 658 727 762 811; x_wconf 85' lang='grc' dir='ltr'><strong><em>ἐστιν,</em></strong></span> <span class='ocrx_word' id='word_1_43' title='bbox 800 721 910 813; x_wconf 72' lang='grc' dir='ltr'><strong><em>ὥσπερ</em></strong></span> <span class='ocrx_word' id='word_1_44' title='bbox 943 715 1007 792; x_wconf 83' lang='grc' dir='ltr'><strong><em>οὖν</em></strong></span> <span class='ocrx_word' id='word_1_45' title='bbox 1044 721 1163 805; x_wconf 81' lang='grc' dir='ltr'><strong><em>άξιονι</em></strong></span> 
     </span>
     <span class='ocr_line' id='line_1_7' title="bbox 79 828 1140 921; baseline -0.003 -20"><span class='ocrx_word' id='word_1_46' title='bbox 79 847 105 900; x_wconf 85' lang='lat' dir='ltr'>D</span> <span class='ocrx_word' id='word_1_47' title='bbox 124 840 284 921; x_wconf 84' lang='grc' dir='ltr'><strong><em>νομίζειν,</em></strong></span> <span class='ocrx_word' id='word_1_48' title='bbox 316 834 372 901; x_wconf 83' lang='grc' dir='ltr'><strong><em>καὶ</em></strong></span> <span class='ocrx_word' id='word_1_49' title='bbox 401 828 418 900; x_wconf 87' lang='grc' dir='ltr'>ὁ</span> <span class='ocrx_word' id='word_1_50' title='bbox 444 829 552 912; x_wconf 77' lang='grc' dir='ltr'><strong><em>’Ἀττις</em></strong></span> <span class='ocrx_word' id='word_1_51' title='bbox 582 831 671 911; x_wconf 74' lang='grc' dir='ltr'><strong><em>θεός.</em></strong></span> <span class='ocrx_word' id='word_1_52' title='bbox 716 837 751 899; x_wconf 88' lang='grc' dir='ltr'><strong><em>τί</em></strong></span> <span class='ocrx_word' id='word_1_53' title='bbox 781 830 817 898; x_wconf 70' lang='grc' dir='ltr'><strong><em>δὲ</em></strong></span> <span class='ocrx_word' id='word_1_54' title='bbox 849 832 905 899; x_wconf 83' lang='grc' dir='ltr'><strong><em>καὶ</em></strong></span> <span class='ocrx_word' id='word_1_55' title='bbox 936 829 1038 899; x_wconf 78' lang='grc' dir='ltr'><strong><em>ποῖόν</em></strong></span> <span class='ocrx_word' id='word_1_56' title='bbox 1071 833 1140 898; x_wconf 89' lang='grc' dir='ltr'><strong><em>ἐστι</em></strong></span> 
     </span>
     <span class='ocr_line' id='line_1_8' title="bbox 124 934 1141 1029; baseline -0.004 -21"><span class='ocrx_word' id='word_1_57' title='bbox 124 938 162 1008; x_wconf 87' lang='grc' dir='ltr'><strong><em>τδ</em></strong></span> <span class='ocrx_word' id='word_1_58' title='bbox 200 939 423 1029; x_wconf 90' lang='grc' dir='ltr'><strong><em>παράδειγμα;</em></strong></span> <span class='ocrx_word' id='word_1_59' title='bbox 461 944 548 1026; x_wconf 83' lang='grc' dir='ltr'><strong><em>φησί</em></strong></span> <span class='ocrx_word' id='word_1_60' title='bbox 581 963 648 1006; x_wconf 93' lang='grc' dir='ltr'><strong><em>που</em></strong></span> <span class='ocrx_word' id='word_1_61' title='bbox 681 937 840 1024; x_wconf 91' lang='grc' dir='ltr'><strong><em>Πλάτων,</em></strong></span> <span class='ocrx_word' id='word_1_62' title='bbox 871 940 940 1006; x_wconf 78' lang='grc' dir='ltr'><strong><em>τῶν</em></strong></span> <span class='ocrx_word' id='word_1_63' title='bbox 970 938 1047 1026; x_wconf 81' lang='grc' dir='ltr'><strong><em>περὶ</em></strong></span> <span class='ocrx_word' id='word_1_64' title='bbox 1080 934 1141 1025; x_wconf 77' lang='grc' dir='ltr'><strong><em>τὴν</em></strong></span> 
     </span>
     <span class='ocr_line' id='line_1_9' title="bbox 124 1044 1140 1135; baseline -0.003 -21"><span class='ocrx_word' id='word_1_65' title='bbox 124 1052 264 1135; x_wconf 76' lang='grc' dir='ltr'><strong><em>μίμησιν</em></strong></span> <span class='ocrx_word' id='word_1_66' title='bbox 297 1044 539 1134; x_wconf 74' lang='grc' dir='ltr'><strong><em>διατριβόντων</em></strong></span> <span class='ocrx_word' id='word_1_67' title='bbox 572 1049 603 1111; x_wconf 91' lang='grc' dir='ltr'><strong><em>εί</em></strong></span> <span class='ocrx_word' id='word_1_68' title='bbox 633 1044 694 1132; x_wconf 75' lang='grc' dir='ltr'><strong><em>μὲν</em></strong></span> <span class='ocrx_word' id='word_1_69' title='bbox 726 1045 837 1112; x_wconf 75' lang='grc' dir='ltr'><strong><em>ἐθέλοι</em></strong></span> <span class='ocrx_word' id='word_1_70' title='bbox 868 1072 918 1124; x_wconf 86' lang='grc' dir='ltr'><strong><em>τις</em></strong></span> <span class='ocrx_word' id='word_1_71' title='bbox 954 1054 1140 1132; x_wconf 79' lang='grc' dir='ltr'><strong><em>μιμεῖσθαι,</em></strong></span> 
     </span>
     <span class='ocr_line' id='line_1_10' title="bbox 126 1147 1141 1240; baseline -0.002 -21"><span class='ocrx_word' id='word_1_72' title='bbox 126 1149 210 1219; x_wconf 74' lang='grc' dir='ltr'><strong><em>ὥστε</em></strong></span> <span class='ocrx_word' id='word_1_73' title='bbox 237 1151 493 1238; x_wconf 75' lang='grc' dir='ltr'><strong><em>καθυφεστάναι</em></strong></span> <span class='ocrx_word' id='word_1_74' title='bbox 520 1148 560 1217; x_wconf 86' lang='grc' dir='ltr'><strong><em>τά</em></strong></span> <span class='ocrx_word' id='word_1_75' title='bbox 588 1150 722 1238; x_wconf 81' lang='grc' dir='ltr'><strong><em>μιμητά,</em></strong></span> <span class='ocrx_word' id='word_1_76' title='bbox 751 1149 880 1240; x_wconf 77' lang='grc' dir='ltr'><strong><em>ἐργώδη</em></strong></span> <span class='ocrx_word' id='word_1_77' title='bbox 907 1177 942 1218; x_wconf 94' lang='grc' dir='ltr'><strong><em>τε</em></strong></span> <span class='ocrx_word' id='word_1_78' title='bbox 970 1147 1056 1218; x_wconf 85' lang='grc' dir='ltr'><strong><em>εἶναι</em></strong></span> <span class='ocrx_word' id='word_1_79' title='bbox 1085 1151 1141 1218; x_wconf 84' lang='grc' dir='ltr'><strong><em>καὶ</em></strong></span> 
     </span>
     <span class='ocr_line' id='line_1_11' title="bbox 126 1254 1178 1346; baseline 0.001 -20"><span class='ocrx_word' id='word_1_80' title='bbox 126 1256 272 1346; x_wconf 77' lang='grc' dir='ltr'><strong><em>χαλεπὴν</em></strong></span> <span class='ocrx_word' id='word_1_81' title='bbox 290 1259 346 1326; x_wconf 87' lang='grc' dir='ltr'><strong><em>καὶ</em></strong></span> <span class='ocrx_word' id='word_1_82' title='bbox 365 1256 407 1345; x_wconf 79' lang='grc' dir='ltr'><strong><em>νη</em></strong></span> <span class='ocrx_word' id='word_1_83' title='bbox 426 1264 495 1325; x_wconf 86' lang='grc' dir='ltr'><strong><em>Δία</em></strong></span> <span class='ocrx_word' id='word_1_84' title='bbox 515 1284 552 1343; x_wconf 88' lang='grc' dir='ltr'><strong><em>γε</em></strong></span> <span class='ocrx_word' id='word_1_85' title='bbox 570 1259 632 1325; x_wconf 79' lang='grc' dir='ltr'><strong><em>τοῦ</em></strong></span> <span class='ocrx_word' id='word_1_86' title='bbox 651 1254 823 1326; x_wconf 76' lang='grc' dir='ltr'><strong><em>ἀδυνάτου</em></strong></span> <span class='ocrx_word' id='word_1_87' title='bbox 841 1263 986 1344; x_wconf 83' lang='grc' dir='ltr'><strong><em>πλησίον</em></strong></span> <span class='ocrx_word' id='word_1_88' title='bbox 1003 1259 1141 1344; x_wconf 85' lang='grc' dir='ltr'><strong><em>μάλλον,</em></strong></span> <span class='ocrx_word' id='word_1_89' title='bbox 1154 1288 1178 1327; x_wconf 81' lang='grc' dir='ltr'><strong><em>ιο</em></strong></span> 
     </span>
     <span class='ocr_line' id='line_1_12' title="bbox 127 1360 1143 1454; baseline -0.003 -21"><span class='ocrx_word' id='word_1_90' title='bbox 127 1362 268 1433; x_wconf 76' lang='grc' dir='ltr'><strong><em>εὔκολον</em></strong></span> <span class='ocrx_word' id='word_1_91' title='bbox 296 1365 333 1432; x_wconf 75' lang='grc' dir='ltr'><strong><em>δὲ</em></strong></span> <span class='ocrx_word' id='word_1_92' title='bbox 356 1365 411 1432; x_wconf 82' lang='grc' dir='ltr'><strong><em>καὶ</em></strong></span> <span class='ocrx_word' id='word_1_93' title='bbox 440 1367 563 1454; x_wconf 78' lang='grc' dir='ltr'><strong><em>ῥᾳδίαν</em></strong></span> <span class='ocrx_word' id='word_1_94' title='bbox 586 1365 642 1431; x_wconf 88' lang='grc' dir='ltr'><strong><em>καὶ</em></strong></span> <span class='ocrx_word' id='word_1_95' title='bbox 670 1364 803 1453; x_wconf 84' lang='grc' dir='ltr'><strong><em>σφόδρα</em></strong></span> <span class='ocrx_word' id='word_1_96' title='bbox 822 1361 972 1452; x_wconf 77' lang='grc' dir='ltr'><strong><em>δυνατὴν</em></strong></span> <span class='ocrx_word' id='word_1_97' title='bbox 998 1360 1061 1449; x_wconf 77' lang='grc' dir='ltr'><strong><em>τὴν</em></strong></span> <span class='ocrx_word' id='word_1_98' title='bbox 1087 1360 1143 1431; x_wconf 83' lang='grc' dir='ltr'><strong><em>διά</em></strong></span> 
     </span>
     <span class='ocr_line' id='line_1_13' title="bbox 127 1460 1141 1559; baseline -0.002 -21"><span class='ocrx_word' id='word_1_99' title='bbox 127 1473 189 1538; x_wconf 78' lang='grc' dir='ltr'><strong><em>τοῦ</em></strong></span> <span class='ocrx_word' id='word_1_100' title='bbox 230 1477 344 1539; x_wconf 79' lang='grc' dir='ltr'><strong><em>δοκεῖν</em></strong></span> <span class='ocrx_word' id='word_1_101' title='bbox 388 1468 429 1539; x_wconf 81' lang='grc' dir='ltr'><strong><em>τά</em></strong></span> <span class='ocrx_word' id='word_1_102' title='bbox 471 1468 553 1538; x_wconf 83' lang='grc' dir='ltr'><strong><em>ὅντα</em></strong></span> <span class='ocrx_word' id='word_1_103' title='bbox 599 1472 817 1559; x_wconf 79' lang='grc' dir='ltr'><strong><em>μιμουμένην.</em></strong></span> <span class='ocrx_word' id='word_1_104' title='bbox 877 1467 959 1538; x_wconf 85' lang='grc' dir='ltr'><strong><em>ὅταν</em></strong></span> <span class='ocrx_word' id='word_1_105' title='bbox 1000 1460 1063 1537; x_wconf 85' lang='grc' dir='ltr'><strong><em>οὖν</em></strong></span> <span class='ocrx_word' id='word_1_106' title='bbox 1105 1467 1141 1537; x_wconf 89' lang='grc' dir='ltr'><strong><em>τὸ</em></strong></span> 
     </span>
     <span class='ocr_line' id='line_1_14' title="bbox 127 1575 1143 1667; baseline -0.003 -21"><span class='ocrx_word' id='word_1_107' title='bbox 127 1577 315 1667; x_wconf 88' lang='grc' dir='ltr'><strong><em>κάτοπτρον</em></strong></span> <span class='ocrx_word' id='word_1_108' title='bbox 356 1577 515 1664; x_wconf 83' lang='grc' dir='ltr'><strong><em>λαβόντες</em></strong></span> <span class='ocrx_word' id='word_1_109' title='bbox 555 1578 785 1666; x_wconf 83' lang='grc' dir='ltr'><strong><em>περιφέρωμεν</em></strong></span> <span class='ocrx_word' id='word_1_110' title='bbox 821 1579 857 1644; x_wconf 83' lang='grc' dir='ltr'><strong><em>ἐκ</em></strong></span> <span class='ocrx_word' id='word_1_111' title='bbox 897 1575 1034 1644; x_wconf 87' lang='grc' dir='ltr'><strong><em>πάντων</em></strong></span> <span class='ocrx_word' id='word_1_112' title='bbox 1074 1578 1143 1645; x_wconf 77' lang='grc' dir='ltr'><strong><em>τῶν</em></strong></span> 
     </span>
     <span class='ocr_line' id='line_1_15' title="bbox 128 1679 1143 1775; baseline -0.002 -23"><span class='ocrx_word' id='word_1_113' title='bbox 128 1681 238 1752; x_wconf 79' lang='grc' dir='ltr'><strong><em>άντων</em></strong></span> <span class='ocrx_word' id='word_1_114' title='bbox 266 1687 391 1775; x_wconf 78' lang='grc' dir='ltr'><strong><em>ῥηιδίως</em></strong></span> <span class='ocrx_word' id='word_1_115' title='bbox 411 1681 668 1771; x_wconf 85' lang='grc' dir='ltr'><strong><em>άπομαξάμενοι,</em></strong></span> <span class='ocrx_word' id='word_1_116' title='bbox 697 1688 875 1771; x_wconf 81' lang='grc' dir='ltr'><strong><em>δείκνυμεν</em></strong></span> <span class='ocrx_word' id='word_1_117' title='bbox 903 1681 1044 1751; x_wconf 81' lang='grc' dir='ltr'><strong><em>ἑκάστου</em></strong></span> <span class='ocrx_word' id='word_1_118' title='bbox 1062 1679 1143 1762; x_wconf 79' lang='grc' dir='ltr'><strong><em>τοὺς</em></strong></span> 
     </span>
     <span class='ocr_line' id='line_1_16' title="bbox 77 1781 1177 1879; baseline -0.004 -21"><span class='ocrx_word' id='word_1_119' title='bbox 77 1781 269 1871; x_wconf 75' lang='grc' dir='ltr'><strong><em>164τάπους.</em></strong></span> <span class='ocrx_word' id='word_1_120' title='bbox 311 1793 346 1858; x_wconf 85' lang='grc' dir='ltr'><strong><em>ἐκ</em></strong></span> <span class='ocrx_word' id='word_1_121' title='bbox 373 1791 495 1859; x_wconf 84' lang='grc' dir='ltr'><strong><em>τούτου</em></strong></span> <span class='ocrx_word' id='word_1_122' title='bbox 523 1792 584 1858; x_wconf 82' lang='grc' dir='ltr'><strong><em>τοῦ</em></strong></span> <span class='ocrx_word' id='word_1_123' title='bbox 612 1794 878 1879; x_wconf 77' lang='grc' dir='ltr'><strong><em>παραδείγματος</em></strong></span> <span class='ocrx_word' id='word_1_124' title='bbox 905 1790 958 1857; x_wconf 81' lang='grc' dir='ltr'><strong><em>ἐπὶ</em></strong></span> <span class='ocrx_word' id='word_1_125' title='bbox 985 1785 1023 1856; x_wconf 90' lang='grc' dir='ltr'><strong><em>τὸ</em></strong></span> <span class='ocrx_word' id='word_1_126' title='bbox 1053 1793 1141 1878; x_wconf 82' lang='grc' dir='ltr'><strong><em>εέρη-</em></strong></span> <span class='ocrx_word' id='word_1_127' title='bbox 1156 1812 1177 1853; x_wconf 80' lang='grc' dir='ltr'><strong><em>ιι</em></strong></span> 
     </span>
     <span class='ocr_line' id='line_1_17' title="bbox 129 1886 1144 1986; baseline -0.002 -21"><span class='ocrx_word' id='word_1_128' title='bbox 129 1899 231 1985; x_wconf 84' lang='grc' dir='ltr'><strong><em>μένον</em></strong></span> <span class='ocrx_word' id='word_1_129' title='bbox 268 1897 539 1986; x_wconf 89' lang='grc' dir='ltr'><strong><em>μεταβιβάσωμεν</em></strong></span> <span class='ocrx_word' id='word_1_130' title='bbox 575 1894 612 1964; x_wconf 91' lang='grc' dir='ltr'><strong><em>τὸ</em></strong></span> <span class='ocrx_word' id='word_1_131' title='bbox 651 1893 818 1985; x_wconf 83' lang='grc' dir='ltr'><strong><em>ὁμοίωμα,</em></strong></span> <span class='ocrx_word' id='word_1_132' title='bbox 860 1892 905 1964; x_wconf 83' lang='grc' dir='ltr'><strong><em>ἵν’</em></strong></span> <span class='ocrx_word' id='word_1_133' title='bbox 944 1886 965 1984; x_wconf 79' lang='grc' dir='ltr'><strong><em>ᾖ</em></strong></span> <span class='ocrx_word' id='word_1_134' title='bbox 1000 1892 1039 1962; x_wconf 88' lang='grc' dir='ltr'><strong><em>τὸ</em></strong></span> <span class='ocrx_word' id='word_1_135' title='bbox 1083 1894 1144 1982; x_wconf 70' lang='grc' dir='ltr'><strong><em>μὶν</em></strong></span> 
     </span>
     <span class='ocr_line' id='line_1_18' title="bbox 128 1998 1144 2093; baseline -0.002 -22"><span class='ocrx_word' id='word_1_136' title='bbox 128 2004 315 2093; x_wconf 92' lang='grc' dir='ltr'><strong><em>κάτοπτρον</em></strong></span> <span class='ocrx_word' id='word_1_137' title='bbox 352 2000 369 2072; x_wconf 88' lang='grc' dir='ltr'>ὁ</span> <span class='ocrx_word' id='word_1_138' title='bbox 407 2003 584 2091; x_wconf 88' lang='grc' dir='ltr'><strong><em>λεγόμενος</em></strong></span> <span class='ocrx_word' id='word_1_139' title='bbox 619 1998 685 2072; x_wconf 78' lang='grc' dir='ltr'><strong><em>ὑπὸ</em></strong></span> <span class='ocrx_word' id='word_1_140' title='bbox 721 1999 966 2092; x_wconf 85' lang='grc' dir='ltr'><strong><em>Ἀριστοτέλους</em></strong></span> <span class='ocrx_word' id='word_1_141' title='bbox 1002 2000 1144 2088; x_wconf 89' lang='grc' dir='ltr'><strong><em>δυνάμει</em></strong></span> 
     </span>
     <span class='ocr_line' id='line_1_19' title="bbox 128 2103 1144 2198; baseline -0.003 -20"><span class='ocrx_word' id='word_1_142' title='bbox 128 2111 228 2192; x_wconf 86' lang='grc' dir='ltr'><strong><em>τόπος</em></strong></span> <span class='ocrx_word' id='word_1_143' title='bbox 261 2113 371 2179; x_wconf 76' lang='grc' dir='ltr'><strong><em>εἰδῶν.</em></strong></span> <span class='ocrx_word' id='word_1_144' title='bbox 421 2107 506 2178; x_wconf 82' lang='grc' dir='ltr'><strong><em>αὐτά</em></strong></span> <span class='ocrx_word' id='word_1_145' title='bbox 539 2108 575 2177; x_wconf 69' lang='grc' dir='ltr'><strong><em>δὲ</em></strong></span> <span class='ocrx_word' id='word_1_146' title='bbox 603 2108 664 2198; x_wconf 75' lang='grc' dir='ltr'><strong><em>χρὴ</em></strong></span> <span class='ocrx_word' id='word_1_147' title='bbox 697 2107 737 2177; x_wconf 84' lang='grc' dir='ltr'><strong><em>τά</em></strong></span> <span class='ocrx_word' id='word_1_148' title='bbox 765 2114 837 2196; x_wconf 83' lang='grc' dir='ltr'><strong><em>είδη</em></strong></span> <span class='ocrx_word' id='word_1_149' title='bbox 870 2107 1033 2197; x_wconf 89' lang='grc' dir='ltr'><strong><em>πρότερον</em></strong></span> <span class='ocrx_word' id='word_1_150' title='bbox 1060 2103 1144 2195; x_wconf 83' lang='grc' dir='ltr'><strong><em>ὑφε-</em></strong></span> 
     </span>
     <span class='ocr_line' id='line_1_20' title="bbox 129 2215 1144 2305; baseline -0.003 -21"><span class='ocrx_word' id='word_1_151' title='bbox 129 2217 248 2284; x_wconf 92' lang='grc' dir='ltr'><strong><em>στάναι</em></strong></span> <span class='ocrx_word' id='word_1_152' title='bbox 267 2217 399 2298; x_wconf 84' lang='grc' dir='ltr'><strong><em>πάντως</em></strong></span> <span class='ocrx_word' id='word_1_153' title='bbox 427 2219 577 2305; x_wconf 76' lang='grc' dir='ltr'><strong><em>ἐνεργείᾳ</em></strong></span> <span class='ocrx_word' id='word_1_154' title='bbox 604 2218 667 2283; x_wconf 76' lang='grc' dir='ltr'><strong><em>τοῦ</em></strong></span> <span class='ocrx_word' id='word_1_155' title='bbox 695 2215 844 2304; x_wconf 91' lang='grc' dir='ltr'><strong><em>δυνάμει.</em></strong></span> <span class='ocrx_word' id='word_1_156' title='bbox 884 2217 943 2302; x_wconf 77' lang='grc' dir='ltr'><strong><em>τῆς</em></strong></span> <span class='ocrx_word' id='word_1_157' title='bbox 969 2220 1090 2282; x_wconf 89' lang='grc' dir='ltr'><strong><em>τοίνυν</em></strong></span> <span class='ocrx_word' id='word_1_158' title='bbox 1109 2216 1144 2282; x_wconf 85' lang='grc' dir='ltr'><strong><em>ἐν</em></strong></span> 
     </span>
     <span class='ocr_line' id='line_1_21' title="bbox 129 2318 1179 2411; baseline -0.006 -20"><span class='ocrx_word' id='word_1_159' title='bbox 129 2319 210 2411; x_wconf 76' lang='grc' dir='ltr'><strong><em>ἡμῖν</em></strong></span> <span class='ocrx_word' id='word_1_160' title='bbox 237 2326 355 2411; x_wconf 77' lang='grc' dir='ltr'><strong><em>ψυχῆς,</em></strong></span> <span class='ocrx_word' id='word_1_161' title='bbox 384 2319 428 2404; x_wconf 76' lang='grc' dir='ltr'><strong><em>ὡς</em></strong></span> <span class='ocrx_word' id='word_1_162' title='bbox 455 2323 511 2390; x_wconf 86' lang='grc' dir='ltr'><strong><em>καὶ</em></strong></span> <span class='ocrx_word' id='word_1_163' title='bbox 535 2318 749 2410; x_wconf 82' lang='grc' dir='ltr'><strong><em>Ἀριστοτέλει</em></strong></span> <span class='ocrx_word' id='word_1_164' title='bbox 777 2328 878 2408; x_wconf 80' lang='grc' dir='ltr'><strong><em>δοκεῖ,</em></strong></span> <span class='ocrx_word' id='word_1_165' title='bbox 906 2320 1048 2408; x_wconf 92' lang='grc' dir='ltr'><strong><em>δυνάμει</em></strong></span> <span class='ocrx_word' id='word_1_166' title='bbox 1076 2323 1179 2388; x_wconf 76' lang='grc' dir='ltr'><strong><em>τῶνα</em></strong></span> 
     </span>
     <span class='ocr_line' id='line_1_22' title="bbox 130 2427 1145 2518; baseline -0.001 -21"><span class='ocrx_word' id='word_1_167' title='bbox 130 2427 239 2497; x_wconf 78' lang='grc' dir='ltr'><strong><em>ὄντων</em></strong></span> <span class='ocrx_word' id='word_1_168' title='bbox 268 2430 407 2516; x_wconf 83' lang='grc' dir='ltr'><strong><em>ἐχούσης</em></strong></span> <span class='ocrx_word' id='word_1_169' title='bbox 434 2427 475 2497; x_wconf 82' lang='grc' dir='ltr'><strong><em>τά</em></strong></span> <span class='ocrx_word' id='word_1_170' title='bbox 504 2432 588 2514; x_wconf 86' lang='grc' dir='ltr'><strong><em>είδη,</em></strong></span> <span class='ocrx_word' id='word_1_171' title='bbox 615 2432 682 2497; x_wconf 83' lang='grc' dir='ltr'><strong><em>ποῦ</em></strong></span> <span class='ocrx_word' id='word_1_172' title='bbox 700 2431 833 2518; x_wconf 78' lang='grc' dir='ltr'><strong><em>πρῶτον</em></strong></span> <span class='ocrx_word' id='word_1_173' title='bbox 861 2431 1010 2517; x_wconf 73' lang='grc' dir='ltr'><strong><em>ἐνεργείᾳ</em></strong></span> <span class='ocrx_word' id='word_1_174' title='bbox 1037 2427 1145 2514; x_wconf 75' lang='grc' dir='ltr'><strong><em>θησό-</em></strong></span> 
     </span>
     <span class='ocr_line' id='line_1_23' title="bbox 130 2530 1144 2624; baseline -0.003 -21"><span class='ocrx_word' id='word_1_175' title='bbox 130 2545 217 2622; x_wconf 73' lang='grc' dir='ltr'><strong><em>μεθα</em></strong></span> <span class='ocrx_word' id='word_1_176' title='bbox 245 2539 364 2617; x_wconf 79' lang='grc' dir='ltr'><strong><em>ταῦτα;</em></strong></span> <span class='ocrx_word' id='word_1_177' title='bbox 398 2534 540 2624; x_wconf 85' lang='grc' dir='ltr'><strong><em>πότερον</em></strong></span> <span class='ocrx_word' id='word_1_178' title='bbox 570 2536 606 2602; x_wconf 85' lang='grc' dir='ltr'><strong><em>ἐν</em></strong></span> <span class='ocrx_word' id='word_1_179' title='bbox 633 2550 703 2616; x_wconf 75' lang='grc' dir='ltr'><strong><em>τοῖς</em></strong></span> <span class='ocrx_word' id='word_1_180' title='bbox 730 2535 874 2617; x_wconf 82' lang='grc' dir='ltr'><strong><em>ἐνάλοις;</em></strong></span> <span class='ocrx_word' id='word_1_181' title='bbox 908 2530 978 2602; x_wconf 80' lang='grc' dir='ltr'><strong><em>ἀλλ’</em></strong></span> <span class='ocrx_word' id='word_1_182' title='bbox 1010 2539 1081 2601; x_wconf 84' lang='grc' dir='ltr'><strong><em>ἐστι</em></strong></span> <span class='ocrx_word' id='word_1_183' title='bbox 1110 2561 1144 2620; x_wconf 88' lang='grc' dir='ltr'><strong><em>γε</em></strong></span> 
     </span>
     <span class='ocr_line' id='line_1_24' title="bbox 94 2635 1146 2730; baseline -0.001 -22"><span class='ocrx_word' id='word_1_184' title='bbox 94 2643 235 2708; x_wconf 85' lang='grc' dir='ltr'><strong><em>Βταῦτα</em></strong></span> <span class='ocrx_word' id='word_1_185' title='bbox 273 2644 427 2730; x_wconf 75' lang='grc' dir='ltr'><strong><em>φανερῶς</em></strong></span> <span class='ocrx_word' id='word_1_186' title='bbox 462 2639 503 2708; x_wconf 85' lang='grc' dir='ltr'><strong><em>τά</em></strong></span> <span class='ocrx_word' id='word_1_187' title='bbox 538 2650 717 2711; x_wconf 82' lang='grc' dir='ltr'><strong><em>τελευταία.</em></strong></span> <span class='ocrx_word' id='word_1_188' title='bbox 763 2647 907 2709; x_wconf 89' lang='grc' dir='ltr'><strong><em>λείπεται</em></strong></span> <span class='ocrx_word' id='word_1_189' title='bbox 945 2635 986 2727; x_wconf 78' lang='grc' dir='ltr'><strong><em>δὴ</em></strong></span> <span class='ocrx_word' id='word_1_190' title='bbox 1023 2638 1146 2709; x_wconf 85' lang='grc' dir='ltr'><strong><em>λοιπὸν</em></strong></span> 
     </span>
     <span class='ocr_line' id='line_1_25' title="bbox 105 2734 1147 2838; baseline -0.001 -23"><span class='ocrx_word' id='word_1_191' title='bbox 105 2734 256 2827; x_wconf 70' lang='grc' dir='ltr'><strong><em>ιοἰάλους</em></strong></span> <span class='ocrx_word' id='word_1_192' title='bbox 297 2752 404 2828; x_wconf 87' lang='grc' dir='ltr'><strong><em>αίτίας</em></strong></span> <span class='ocrx_word' id='word_1_193' title='bbox 446 2754 552 2834; x_wconf 82' lang='grc' dir='ltr'><strong><em>ζητεῖν</em></strong></span> <span class='ocrx_word' id='word_1_194' title='bbox 593 2750 742 2838; x_wconf 79' lang='grc' dir='ltr'><strong><em>ἐνεργείᾳ</em></strong></span> <span class='ocrx_word' id='word_1_195' title='bbox 779 2747 1041 2837; x_wconf 82' lang='grc' dir='ltr'><strong><em>προτεταγμένας</em></strong></span> <span class='ocrx_word' id='word_1_196' title='bbox 1077 2748 1147 2815; x_wconf 77' lang='grc' dir='ltr'><strong><em>τάν</em></strong></span> 
     </span>
     <span class='ocr_line' id='line_1_26' title="bbox 131 2848 1181 2944; baseline -0.005 -23"><span class='ocrx_word' id='word_1_197' title='bbox 131 2853 270 2939; x_wconf 79' lang='grc' dir='ltr'><strong><em>ἐνάλων,</em></strong></span> <span class='ocrx_word' id='word_1_198' title='bbox 299 2848 352 2934; x_wconf 88' lang='grc' dir='ltr'><strong><em>αἷς</em></strong></span> <span class='ocrx_word' id='word_1_199' title='bbox 369 2856 634 2944; x_wconf 85' lang='grc' dir='ltr'><strong><em>παρυποστᾶσαν</em></strong></span> <span class='ocrx_word' id='word_1_200' title='bbox 652 2855 708 2922; x_wconf 85' lang='grc' dir='ltr'><strong><em>καὶ</em></strong></span> <span class='ocrx_word' id='word_1_201' title='bbox 727 2855 1032 2943; x_wconf 75' lang='grc' dir='ltr'><strong><em>συμπροελθοῦσαν</em></strong></span> <span class='ocrx_word' id='word_1_202' title='bbox 1049 2848 1181 2940; x_wconf 72' lang='grc' dir='ltr'><strong><em>ἡμῶνσ</em></strong></span> 
     </span>
     <span class='ocr_line' id='line_1_27' title="bbox 131 2956 1146 3049; baseline 0.002 -23"><span class='ocrx_word' id='word_1_203' title='bbox 131 2958 192 3048; x_wconf 80' lang='grc' dir='ltr'><strong><em>τὴν</em></strong></span> <span class='ocrx_word' id='word_1_204' title='bbox 224 2959 336 3048; x_wconf 75' lang='grc' dir='ltr'><strong><em>ψυχὴν</em></strong></span> <span class='ocrx_word' id='word_1_205' title='bbox 368 2962 525 3048; x_wconf 75' lang='grc' dir='ltr'><strong><em>δέχεσθαι</em></strong></span> <span class='ocrx_word' id='word_1_206' title='bbox 557 2960 618 3048; x_wconf 69' lang='grc' dir='ltr'><strong><em>μὲν</em></strong></span> <span class='ocrx_word' id='word_1_207' title='bbox 650 2962 795 3046; x_wconf 75' lang='grc' dir='ltr'><strong><em>ἐκεῖθεν,</em></strong></span> <span class='ocrx_word' id='word_1_208' title='bbox 828 2957 938 3049; x_wconf 74' lang='grc' dir='ltr'><strong><em>ὥσπερ</em></strong></span> <span class='ocrx_word' id='word_1_209' title='bbox 970 2960 1003 3041; x_wconf 81' lang='grc' dir='ltr'><strong><em>ἐξ</em></strong></span> <span class='ocrx_word' id='word_1_210' title='bbox 1036 2956 1146 3028; x_wconf 76' lang='grc' dir='ltr'><strong><em>ὄντων</em></strong></span> 
     </span>
     <span class='ocr_line' id='line_1_28' title="bbox 130 3064 1146 3157; baseline 0.001 -23"><span class='ocrx_word' id='word_1_211' title='bbox 130 3069 233 3134; x_wconf 79' lang='grc' dir='ltr'><strong><em>τινῶν</em></strong></span> <span class='ocrx_word' id='word_1_212' title='bbox 260 3065 301 3134; x_wconf 83' lang='grc' dir='ltr'><strong><em>τά</em></strong></span> <span class='ocrx_word' id='word_1_213' title='bbox 320 3072 474 3157; x_wconf 82' lang='grc' dir='ltr'><strong><em>ἔσοπτρα,</em></strong></span> <span class='ocrx_word' id='word_1_214' title='bbox 502 3065 582 3148; x_wconf 80' lang='grc' dir='ltr'><strong><em>τοὺς</em></strong></span> <span class='ocrx_word' id='word_1_215' title='bbox 599 3069 667 3135; x_wconf 78' lang='grc' dir='ltr'><strong><em>τῶν</em></strong></span> <span class='ocrx_word' id='word_1_216' title='bbox 690 3069 791 3136; x_wconf 79' lang='grc' dir='ltr'><strong><em>είδων</em></strong></span> <span class='ocrx_word' id='word_1_217' title='bbox 810 3064 994 3152; x_wconf 83' lang='grc' dir='ltr'><strong><em>άναγκαϊον</em></strong></span> <span class='ocrx_word' id='word_1_218' title='bbox 1012 3065 1146 3153; x_wconf 84' lang='grc' dir='ltr'><strong><em>λόγους,</em></strong></span> 
     </span>
    </p>
   </div>
   <div class='ocr_carea' id='block_1_3' title="bbox 132 3334 1181 3617">
    <p class='ocr_par' dir='ltr' id='par_1_3' title="bbox 132 3334 1181 3617">
     <span class='ocr_line' id='line_1_29' title="bbox 200 3334 1147 3412; baseline -0.001 -16"><span class='ocrx_word' id='word_1_219' title='bbox 200 3349 216 3396; x_wconf 87' lang='grc'>3</span> <span class='ocrx_word' id='word_1_220' title='bbox 239 3334 324 3412; x_wconf 80' lang='grc' dir='ltr'><strong><em>αὐτό]</em></strong></span> <span class='ocrx_word' id='word_1_221' title='bbox 343 3344 438 3395; x_wconf 80' lang='lat' dir='ltr'><strong>Malim</strong></span> <span class='ocrx_word' id='word_1_222' title='bbox 455 3339 546 3397; x_wconf 77' lang='grc' dir='ltr'><strong><em>αὐτόν</em></strong></span> <span class='ocrx_word' id='word_1_223' title='bbox 565 3344 619 3410; x_wconf 81' lang='lat' dir='ltr'>(sc.</span> <span class='ocrx_word' id='word_1_224' title='bbox 636 3342 687 3395; x_wconf 88' lang='grc' dir='ltr'><strong><em>τὸν</em></strong></span> <span class='ocrx_word' id='word_1_225' title='bbox 705 3335 804 3409; x_wconf 85' lang='grc' dir='ltr'><strong><em>λόγον)</em></strong></span> <span class='ocrx_word' id='word_1_226' title='bbox 889 3345 907 3393; x_wconf 87' lang='lat'>4</span> <span class='ocrx_word' id='word_1_227' title='bbox 929 3338 1007 3395; x_wconf 80' lang='grc' dir='ltr'><strong><em>ἐστιν</em></strong></span> <span class='ocrx_word' id='word_1_228' title='bbox 1025 3341 1063 3411; x_wconf 88' lang='lat' dir='ltr'><strong><em>H]</em></strong></span> <span class='ocrx_word' id='word_1_229' title='bbox 1088 3337 1147 3396; x_wconf 81' lang='grc' dir='ltr'><strong><em>ἐστι</em></strong></span> 
     </span>
     <span class='ocr_line' id='line_1_30' title="bbox 134 3403 1181 3479; baseline 0.001 -17"><span class='ocrx_word' id='word_1_230' title='bbox 134 3416 166 3464; x_wconf 89' lang='grc'><strong><em>10</em></strong></span> <span class='ocrx_word' id='word_1_231' title='bbox 187 3410 298 3477; x_wconf 88' lang='grc' dir='ltr'><strong><em>μάλλον</em></strong></span> <span class='ocrx_word' id='word_1_232' title='bbox 321 3410 357 3479; x_wconf 90' lang='grc' dir='ltr'><strong><em>Η]</em></strong></span> <span class='ocrx_word' id='word_1_233' title='bbox 380 3406 505 3477; x_wconf 84' lang='grc' dir='ltr'><strong><em>βάλλειν.</em></strong></span> <span class='ocrx_word' id='word_1_234' title='bbox 536 3412 572 3463; x_wconf 81' lang='lat' dir='ltr'><strong><em>cf.</em></strong></span> <span class='ocrx_word' id='word_1_235' title='bbox 597 3412 680 3463; x_wconf 76' lang='lat'>1120</span> <span class='ocrx_word' id='word_1_236' title='bbox 767 3413 799 3461; x_wconf 80' lang='lat'><strong><em>12</em></strong></span> <span class='ocrx_word' id='word_1_237' title='bbox 811 3414 840 3461; x_wconf 80' lang='lat' dir='ltr'><strong><em>et</em></strong></span> <span class='ocrx_word' id='word_1_238' title='bbox 853 3412 885 3461; x_wconf 75' lang='lat'><strong><em>13</em></strong></span> <span class='ocrx_word' id='word_1_239' title='bbox 911 3403 945 3463; x_wconf 84' lang='grc' dir='ltr'><strong><em>τδ</em></strong></span> <span class='ocrx_word' id='word_1_240' title='bbox 970 3404 1148 3479; x_wconf 74' lang='grc' dir='ltr'><strong><em>κάτοπτρον]</em></strong></span> <span class='ocrx_word' id='word_1_241' title='bbox 1178 3416 1181 3431; x_wconf 84' lang='grc'>·</span> 
     </span>
     <span class='ocr_line' id='line_1_31' title="bbox 132 3468 1149 3557; baseline 0.003 -27"><span class='ocrx_word' id='word_1_242' title='bbox 132 3480 206 3531; x_wconf 79' lang='lat' dir='ltr'><strong>Plat.</strong></span> <span class='ocrx_word' id='word_1_243' title='bbox 225 3479 259 3530; x_wconf 86' lang='lat' dir='ltr'><strong><em>de</em></strong></span> <span class='ocrx_word' id='word_1_244' title='bbox 277 3480 345 3545; x_wconf 84' lang='lat' dir='ltr'><strong>Rep.</strong></span> <span class='ocrx_word' id='word_1_245' title='bbox 364 3481 389 3531; x_wconf 87' lang='lat' dir='ltr'>X</span> <span class='ocrx_word' id='word_1_246' title='bbox 406 3479 495 3533; x_wconf 72' lang='grc'>5961)</span> <span class='ocrx_word' id='word_1_247' title='bbox 565 3482 596 3532; x_wconf 82' lang='lat'><strong><em>16</em></strong></span> <span class='ocrx_word' id='word_1_248' title='bbox 613 3468 853 3557; x_wconf 75' lang='grc' dir='ltr'><strong><em>μεταβιβάσομεν</em></strong></span> <span class='ocrx_word' id='word_1_249' title='bbox 869 3474 911 3547; x_wconf 88' lang='grc' dir='ltr'><strong><em>Η]</em></strong></span> <span class='ocrx_word' id='word_1_250' title='bbox 930 3470 1149 3547; x_wconf 72' lang='grc' dir='ltr'><strong><em>διαβιβάσωμετ</em></strong></span> 
     </span>
     <span class='ocr_line' id='line_1_32' title="bbox 133 3538 1181 3617; baseline -0.002 -18"><span class='ocrx_word' id='word_1_251' title='bbox 133 3550 165 3599; x_wconf 83' lang='grc'><strong><em>21</em></strong></span> <span class='ocrx_word' id='word_1_252' title='bbox 184 3542 303 3615; x_wconf 74' lang='grc' dir='ltr'><strong><em>ἐχούσης</em></strong></span> <span class='ocrx_word' id='word_1_253' title='bbox 320 3544 393 3617; x_wconf 61' lang='lat' dir='ltr'>Pet]</span> <span class='ocrx_word' id='word_1_254' title='bbox 412 3538 517 3617; x_wconf 78' lang='grc' dir='ltr'><strong><em>ίγοάση</em></strong></span> <span class='ocrx_word' id='word_1_255' title='bbox 585 3550 619 3599; x_wconf 74' lang='grc'><strong><em>25</em></strong></span> <span class='ocrx_word' id='word_1_256' title='bbox 635 3545 860 3613; x_wconf 77' lang='grc' dir='ltr'><strong><em>προϋποσταταν</em></strong></span> <span class='ocrx_word' id='word_1_257' title='bbox 876 3560 963 3613; x_wconf 67' lang='lat' dir='ltr'><strong>marg.</strong></span> <span class='ocrx_word' id='word_1_258' title='bbox 983 3552 1039 3611; x_wconf 76' lang='lat' dir='ltr'>pet.</span> <span class='ocrx_word' id='word_1_259' title='bbox 1179 3576 1181 3581; x_wconf 93' lang='lat'>·</span> 
     </span>
    </p>
   </div>
   <div class='ocr_carea' id='block_1_4' title="bbox 1004 3618 1181 3860">
    <p class='ocr_par' dir='ltr' id='par_1_4' title="bbox 1004 3618 1181 3860">
     <span class='ocr_line' id='line_1_33' title="bbox 1168 3618 1181 3665; baseline 0 0"><span class='ocrx_word' id='word_1_260' title='bbox 1168 3618 1181 3665; x_wconf 76' lang='grc' dir='ltr'><strong><em>ι</em></strong></span> 
     </span>
     <span class='ocr_line' id='line_1_34' title="bbox 1131 3684 1181 3860; baseline 0 0"><span class='ocrx_word' id='word_1_261' title='bbox 1131 3684 1181 3860; x_wconf 52' lang='lat' dir='ltr'><strong><em>&#39;j</em></strong></span> 
     </span>
     <span class='ocr_line' id='line_1_35' title="bbox 1073 3768 1169 3815; baseline 0 -4"><span class='ocrx_word' id='word_1_262' title='bbox 1073 3800 1078 3805; x_wconf 97' lang='lat'>.</span> <span class='ocrx_word' id='word_1_263' title='bbox 1110 3768 1169 3815; x_wconf 62' lang='grc' dir='ltr'><strong><em>με</em></strong></span> 
     </span>
     <span class='ocr_line' id='line_1_36' title="bbox 1004 3818 1144 3860; baseline 0.021 -23"><span class='ocrx_word' id='word_1_264' title='bbox 1004 3830 1007 3837; x_wconf 94' lang='grc'><strong><em>.</em></strong></span> <span class='ocrx_word' id='word_1_265' title='bbox 1055 3846 1074 3859; x_wconf 50' lang='grc' dir='ltr'><strong><em>Ι.</em></strong></span> <span class='ocrx_word' id='word_1_266' title='bbox 1100 3818 1144 3860; x_wconf 42' lang='lat'><strong><em>&#39;5:⁸1</em></strong></span> 
     </span>
    </p>
   </div>
   <div class='ocr_carea' id='block_1_5' title="bbox 0 0 1202 3908">
    <p class='ocr_par' dir='ltr' id='par_1_5' title="bbox 0 0 1202 3908">
     <span class='ocr_line' id='line_1_37' title="bbox 0 0 1202 3908; baseline 0 0"><span class='ocrx_word' id='word_1_267' title='bbox 0 0 1202 3908; x_wconf 95' lang='lat' dir='ltr'><strong><em> </em></strong></span> 
     </span>
    </p>
   </div>
  </div>
 </body>
</html>
