2392 3960
101 155 166 219 254
403 154 548 205 mmm
569 153 818 207 ταεεαιοοαιε

102 290 219 370 βαλεῖν
245 284 279 362 ἐς
305 279 343 350 τὸ
363 278 535 369 ἀποφῆναι
552 277 613 349 τὸν
630 280 847 370 λντρσθέντα
874 285 1014 370 δοῦλον,
1043 281 1119 355 ἀλλ’

103 389 228 469 ἐκεῖνός
259 390 351 456 ἐστιν
383 383 428 467 ῶς
460 383 595 474 άληθῶς
632 389 768 472 δοῦλος,
805 378 848 455 ού
879 387 997 476 κύριός
1030 392 1123 461 ἐστιν

102 497 212 584 ἕτερος
238 493 513 583 προσαναγκάσαι
545 493 700 581 πράττειν
732 489 798 579 ό,τι
826 488 869 561 άν
895 495 1031 584 κελεύῃ,
1064 499 1122 567 καὶ

103 598 146 689 μὴ
174 600 383 687 βουλόμενον
409 598 548 670 κολάσαι
576 606 648 686 καί,
680 595 717 667 τὸ
746 598 930 687 λεγόμενον
961 597 1029 672 ὑπὸ
1058 607 1121 673 τοῦ

102 710 254 795 ποιητοῦ,
1133 737 1146 776 ε

313 827 431 894 κακαῖς
458 809 599 900 ὀδύνῃσι
625 811 791 894 πελάζειν;

61 935 166 1029 Βόρα
198 935 240 1026 δὴ
268 935 306 1006 τὸ
335 935 414 1024 μετά
446 938 561 1021 τούτο,
594 940 626 1003 εί
650 931 695 1023 μὴ
727 935 838 1024 κύριοι
870 936 991 1018 πάντες
1023 933 1121 1026 ἡμῶν

101 1050 201 1131 εἰσιν,
234 1040 293 1123 οὓς
325 1040 511 1128 ἀναγκαῖον
547 1036 627 1129 ἡμῖν
649 1042 878 1130 θεραπεύειν,
916 1046 974 1111 ἵνα
1010 1044 1119 1132 μηδὲν

102 1148 254 1238 άλγῶμεν
291 1147 374 1236 μηδὲ
411 1147 594 1236 λνπῶμεθα
630 1148 843 1237 κολαζόμενοι
880 1145 959 1237 παρ’
994 1147 1119 1221 αύτῶν.

101 1252 121 1344 ἢ
149 1258 248 1327 τοῦτο
276 1264 339 1324 οίει
366 1254 505 1324 κόλασιν
532 1252 654 1341 μόνον,
687 1263 721 1322 εί
743 1280 793 1334 τις
820 1255 1118 1344 ἐπανατεινόμενος
1131 1285 1154 1326 τι

100 1361 163 1451 τὴν
181 1367 364 1450 βακτηρίαν
382 1366 556 1430 καθίκοιτο
575 1362 637 1428 τού
656 1362 803 1444 οίκέτονς
822 1367 930 1430 καίτοι
948 1389 987 1448 γε
1004 1367 1117 1432 τοιού-

99 1495 162 1537 τον
189 1465 271 1537 οὐδὲ
304 1472 340 1536 oc
364 1467 561 1557 τραχύτατοι
592 1468 661 1535 τῶν
693 1470 865 1536 δεσποτῶν
897 1468 951 1537 ἐπὶ
978 1468 1117 1538 πάντων

101 1578 237 1644 ποιοῦσι
263 1577 331 1643 τῶν
359 1577 508 1660 οίκετῶν,
535 1570 618 1642 ἄλλά
645 1574 701 1641 καὶ
719 1572 819 1659 λόγος
837 1570 934 1663 άρκεί
958 1575 1116 1657 πολλάκις

62 1682 156 1750 Οκαὶ
196 1678 319 1769 ἀπειλή.
374 1680 499 1768 μήποτε
536 1670 613 1766 οὖν,
652 1669 679 1747 ῶ
716 1686 807 1767 φίλε,
849 1686 990 1769 νομίσῃς
1027 1679 1114 1751 εἶναι

101 1787 289 1876 ἐλεύθερος,
317 1783 410 1874 άχρις
437 1777 480 1856 οὗ
505 1784 632 1875 γαστὴρ
661 1783 754 1874 άρχει
781 1805 845 1855 σου
872 1787 928 1855 καί
954 1784 996 1887 τά
1024 1792 1145 1878 ἔνερει

100 1905 164 1963 θεν
191 1891 333 1984 γαστρὸς
364 1898 460 1962 οἵτε
490 1895 552 1961 τού
584 1906 767 1980 παρασχεῖν
798 1891 839 1960 τά
870 1890 954 1982 πρὸς
985 1888 1114 1982 ἡδονὴν

100 2002 156 2070 καί
191 2003 296 2068 ταῦτα
334 1997 548 2069 ἀποκωλῦσαι
585 1998 727 2087 κύριοι,
747 2000 803 2068 καλ
840 2003 872 2067 εἰ
910 1998 1041 2070 τούτων
1077 1999 1112 2069 δὲ

100 2108 212 2192 γένοιο
239 2112 408 2197 κρείττων,
436 2109 498 2186 ἕως
526 2101 569 2173 άν
596 2104 760 2193 δονλεύῃς
786 2119 859 2185 ταῖς
885 2107 955 2173 τῶν
980 2108 1113 2175 πολλῶν

101 2213 223 2299 δόξαις,
252 2210 346 2282 ούπω
364 2215 423 2301 τῆς
450 2214 643 2300 ἐλευθερίας
661 2215 773 2297 ἔθιγες
800 2207 881 2280 ούδὲ
909 2211 1036 2297 ε’γεύσω
1054 2213 1113 2282 τοῦ

100 2321 269 2410 νέκταρος,
1123 2344 1142 2385 ιι

183 2440 234 2511 Ού
260 2441 306 2532 μά
333 2441 394 2512 τὸν
425 2445 462 2511 ἐν
494 2443 684 2530 στέρνοισιν
715 2442 807 2529 ἐμοῖς
837 2440 1034 2530 παραδόντα
1064 2468 1112 2512 τε·

897 2547 1051 2637 τρακτύν.

56 2673 155 2740 Βκαὶ
183 2669 225 2741 ού
251 2671 351 2741 τούτό
380 2699 475 2759 φημι,
501 2667 548 2753 ῶς
566 2667 813 2761 ἀπερυθριάσαι
840 2668 902 2759 χρὴ
930 2669 1112 2761 πρὸςπάν-

98 2806 157 2859 τας
183 2779 239 2847 καὶ
265 2777 422 2868 πράττειν
448 2779 489 2847 τὰ
517 2775 590 2867 (μὴ)
618 2779 777 2867 πρακτέα·
810 2773 883 2845 ἀλλ’
913 2768 962 2846 ῶν
994 2775 1112 2866 άπεχόγ

99 2895 187 2972 μεθα
218 2886 274 2954 καλ
308 2882 370 2953 όσα
400 2883 600 2975 πράττομεν,
637 2880 681 2972 μὴ
715 2881 772 2952 διὰ
803 2880 841 2952 τὸ
873 2897 942 2965 τοῖς
977 2893 1142 2967 πολλοῖςιι

99 2995 212 3060 δοκεῖν
239 2996 408 3061 σπουδαῖα
434 2990 567 3072 πάντας
593 2985 614 3078 ἢ
642 2993 768 3078 φαῦλα,
797 2987 854 3058 διά
881 2992 980 3059 τούτο
1009 2991 1109 3081 πράτ-

166 3191 281 3242 δΙΙίεδ.
301 3206 324 3255 ε,
343 3193 392 3242 766
418 3189 423 3255 Ι
449 3185 542 3257 κακῇς
558 3190 637 3245 Hom.
706 3185 840 3257 8μῃδέν
857 3188 894 3257 Η]
912 3184 1010 3257 μηθὲν
1081 3194 1112 3245 12

97 3250 166 3310 ούδδ
184 3254 214 3310 ολ
231 3257 392 3326 Horkelius]
409 3251 479 3311 οὐδὲ
498 3249 533 3309 ού
550 3274 579 3324 v,
598 3248 688 3311 ούδὲν
706 3249 772 3311 ούδ’
792 3253 823 3309 ολ
838 3259 905 3309 Rsk.
959 3261 990 3309 17
1008 3256 1111 3327 ταῦτα]

97 3328 190 3390 „Pom
208 3323 326 3378 πάλιν.“
350 3327 431 3388 Κελτ,
458 3316 550 3379 ταύτὰ
567 3326 595 3377 H
626 3327 631 3389 Ι
663 3317 849 3379 ἀποκωλῦσαι
866 3323 903 3392 Η]
927 3317 1112 3381 άπικωλύται

96 3398 127 3446 21
147 3395 210 3447 vid.
230 3396 343 3446 Porsen.
362 3395 397 3446 ad
415 3397 481 3446 Eur.
500 3393 571 3445 Med.
589 3395 639 3444 629
661 3399 689 3445 et
705 3393 837 3457 Mullaeh.
855 3393 891 3444 ad
912 3393 1033 3461 Pythag.
1052 3410 1110 3447 aur.
1152 3392 1156 3435 λ’

97 3479 181 3518 carm.
202 3480 228 3530 p.
247 3465 277 3514 11
297 3478 319 3514 ε.
388 3465 421 3516 23
439 3453 655 3528 ἀπερυθριᾶσαι
672 3458 713 3528 H]
733 3452 949 3526 ἀπερυθριάσαι
964 3459 970 3527 Ι
984 3454 1108 3531 πάντας]
1153 3466 1156 3571 ρ

95 3524 213 3583 πάνταλ
270 3534 303 3583 24
320 3523 359 3598 μὴ
379 3531 439 3582 εδδ.
459 3532 518 3582 Pet.
587 3530 620 3580 26
638 3519 764 3596 πάντας]
782 3532 868 3590 wc?
1154 3576 1156 3593 ,

1149 3705 1156 3845 i
