2392 3960
10 39 122 101 W'·*¹

477 175 612 226 οιιΑΤιο
631 176 667 230 ιι,
1034 180 1073 241 77

54 304 93 373 δὲ
122 300 230 383 οὕτως
256 308 343 390 ἔχων
369 304 545 389 μεγέθους,
574 297 618 382 ὥς
646 302 765 393 ῥηίδιον
792 306 948 393 παρέχειν
975 311 1071 392 βαδι-

55 416 123 493 ζειν
151 437 186 477 τε
214 410 365 478 ἐθέλοντι
393 410 449 476 καλ
477 409 650 499 νηχομένῳ
677 407 738 478 τὸν
765 410 885 499 πόρον
918 413 989 480 ἐπεὶ
1015 415 1072 481 καλ

55 518 267 604 γεφυροῦται
292 517 371 602 μιᾶς
388 518 660 650 ἐμβληθείσηςί
629 542 645 583 ε
660 544 677 596 ς
695 513 800 585 αὐτὸν
823 516 1009 604 πτελέας,”
988 545 1074 600 απας
1093 534 1117 587 D

54 651 89 691 τε
118 619 368 710 άναμορμύρων
395 619 493 743 ἀφρῷ
521 622 576 689 καὶ
595 626 708 709 αἵματι
736 620 830 706 πλαζ’
862 621 975 711 τόμους
990 622 1073 713 Ἀχι-

33 733 147 816 ιλῆος,
175 735 207 796 εί
232 726 294 816 χρὴ
322 730 378 796 καλ
401 730 500 796 τοῦτο
529 731 714 813 πιστεῦσαι,
742 728 932 817 βιαιότερον
960 730 997 798 δὲ
1017 729 1073 799 οό-

10 902 12 921 ,
58 834 118 903 δέν
145 835 325 923 εἰργάζετο·
353 835 408 903 καὶ
427 833 645 921 ἐπιλαβόντος
663 831 779 920 ὀλίγον
803 835 971 922 καύματος
990 834 1074 904 άπα-

58 941 191 1029 γορεύει
218 938 280 1009 τόν
311 940 458 1028 πόλεμον
489 942 545 1008 καί
573 939 749 1027 ἐξόμνυται
781 940 843 1028 τὴν
871 944 1074 1031 ἐπικουρίαν.

10 1126 13 1139 Ι
55 1042 202 1135 Ὀμήρου
231 1046 268 1114 δέ
295 1052 403 1115 ἐοικεν
431 1044 518 1114 εἶναι
544 1047 599 1114 καί
632 1049 731 1115 τοῦτο
759 1054 927 1133 παίγνιον,
955 1048 1075 1118 καινὸν

10 1206 29 1723 Ι

11 1756 30 2305 Ι

10 2314 55 2879 Ι

10 2890 69 3377 Ι

10 1198 12 1203 -
59 1154 113 1221 καλ
147 1151 274 1222 άτοπον
311 1159 517 1240 μονομαχίας
552 1152 679 1241 τρόπον
710 1154 958 1241 ἐπινοήσαντος.
1005 1157 1075 1224 ἐπεὶ

28 1262 113 1328 ιικαὶ
132 1250 235 1327 τᾶλλα
253 1259 355 1345 δῆλός
372 1262 463 1327 ἐστιν
479 1256 618 1346 Ἀχιλλεῖ
643 1261 866 1347 χαριζόμενος,
889 1263 944 1328 καί
964 1258 1074 1351 ὥσπερ

59 1364 181 1446 θεατὰς
208 1364 302 1452 άγων
328 1364 365 1433 τὸ
395 1364 581 1453 στράτευμα
613 1364 719 1451 μόνον
747 1364 877 1453 άμαχον
908 1369 964 1435 καὶ
992 1364 1073 1436 άνν-
1095 1391 1127 1438 οι

59 1473 224 1541 πόστατον
257 1471 369 1557 ἐπάγει
401 1486 470 1551 τοῖς
497 1477 676 1559 πολεμίοις,
704 1479 876 1540 κτείνοντα
908 1472 969 1560 μέν
997 1473 1076 1554 τοὺς

61 1579 334 1666 ἐντυγχάνοντας,
348 1578 553 1666 τρεπόμενον
568 1576 605 1644 δὲ
620 1573 819 1659 ἁπαξαπλῶς
832 1579 958 1659 πάντας
977 1582 1075 1668 φωνῇ

62 1686 113 1753 καί
141 1684 283 1771 σχήματι
310 1684 366 1752 καὶ
394 1687 462 1752 τῶν
486 1680 642 1771 ὀμμάτων
665 1699 738 1764 ταῖς
763 1693 975 1772 προσβολαῖς.
1017 1683 1075 1774 άρ-

62 1794 200 1879 χομένης
233 1818 268 1859 τε
301 1789 393 1878 οἶμαι
425 1793 483 1877 τῆς
513 1789 726 1879 παρατάξεως
759 1792 792 1877 [,
819 1793 895 1879 καί]
929 1793 982 1859 ἐπὶ
1014 1795 1075 1860 τοῦ

63 1896 288 1985 Σκαμάνδρου
321 1911 393 1977 ταῖς
424 1893 523 1984 χ’γόσιν
555 1899 617 1977 ἕως
649 1902 696 1976 είς
727 1896 764 1965 τὸ
798 1913 904 1985 τεῖχος
936 1896 1075 1985 άσμενοι

64 2004 284 2090 ξννελέγησαν
313 2007 348 2070 οί
374 2001 606 2090 διαφυγόντες.
651 2005 755 2071 ταῦτα
788 2006 915 2084 ἐκεῖνος
941 2012 1076 2084 πολλοῖς

65 2114 151 2177 ἔπεσι
184 2110 406 2196 διηγούμενος
437 2110 493 2177 καὶ
521 2111 613 2176 θεων
642 2106 860 2177 ἀναπλάττων
888 2109 993 2197 μάχας
1019 2111 1075 2178 καλ

66 2217 251 2302 ἐπικοσμῶν
284 2215 407 2302 μάθοις
438 2214 500 2301 τὴν
532 2221 669 2302 ποίησιν
701 2216 827 2298 ὃείιάζει
854 2213 935 2296 τοὺς
961 2214 1116 2305 κριτὰςΒ

51 2322 115 2389 καλ
152 2319 214 2391 οὐκ
251 2323 417 2410 ἐπιτρέπει
444 2326 577 2390 δικαίαν
606 2322 722 2410 φέρειν
758 2323 814 2390 καὶ
843 2319 974 2408 ἀψευδῆ
1010 2325 1073 2409 νῆ-

65 2453 136 2513 φον
183 2425 275 2508 ὅστις
308 2427 345 2496 δὲ
373 2426 480 2496 ἐθέλει
512 2427 617 2515 μηδὲν
649 2423 715 2496 ὑπὸ
744 2431 806 2496 τοῦ
833 2428 976 2508 κάλλους
1004 2430 1075 2508 ἐξα-

64 2537 230 2603 πατᾶσθαι
249 2537 318 2602 τῶν
337 2533 495 2622 ῥημάτων
512 2535 569 2602 καλ
588 2536 656 2601 τῶν
679 2535 806 2614 ἔξωθεν
824 2537 1075 2623 ἐπιφερομένων

65 2640 272 2727 πλασμάτων,
300 2637 409 2728 ω’σπερ
428 2643 465 2708 ἐν
484 2637 569 2729 άρχῇ
592 2641 667 2730 περὶ
686 2637 871 2729 άρωμάτων
898 2644 1001 2709 τινῶν
1020 2643 1075 2709 καὶ
1170 2658 1173 2663 “

65 2746 254 2835 χρωμάτων,
279 2743 511 2833 Ἀρεοπαγίτης
538 2751 621 2813 ἔστω
649 2774 776 2834 κριτης,
804 2749 860 2815 καὶ
889 2744 952 2815 οόκ
979 2745 1075 2815 εὐλα-

22 2852 235 2940 ῖβησόμεθα
262 2878 325 2939 την
353 2857 472 2940 κρίσιν.
518 2850 606 2920 εἶναι
632 2851 759 2939 μέν
721 2880 785 2942 γαρ
815 2851 949 2938 ἀγαθὸν
976 2874 1075 2941 στρα-

126 3065 422 3150 Ιῖάναμορμόρων-
441 3071 491 3125 καλ
510 3073 622 3138 αἵματι]
642 3074 723 3124 Iliad.
742 3091 773 3139 φ,
792 3072 861 3154 3251
878 3069 959 3135 πλάζ’
981 3092 1077 3140 ωμονς

59 3132 180 3219 Ἀχιληος
203 3158 238 3191 ex
260 3142 343 3192 Iliad
363 3158 398 3206 φ,
418 3145 468 3193 269
492 3143 592 3207 scripsi
614 3156 674 3220 pro
685 3135 854 3204 πέλαζεν”
833 3158 920 3206 ωμοις
935 3137 1077 3208 Ἀχιλληος

62 3210 184 3261 ότοντο
202 3207 241 3276 V]
264 3202 365 3275 τούτῳ.
402 3210 435 3259 In
457 3212 485 3260 M
509 3216 601 3260 autem
623 3201 714 3261 τούτω
732 3226 766 3260 ex
785 3226 884 3289 τοντο,
908 3216 939 3260 ut
957 3210 1075 3272 videtur,

62 3284 216 3328 correctum
242 3280 247 3338 Ι
274 3262 508 3356 βεβάιότερονίὶ.
579 3279 611 3330 10
633 3267 725 3327 τᾶλλα
749 3275 788 3342 V]
810 3247 901 3329 τάλλα
971 3280 1003 3328 16
1026 3247 1076 3327 καί

60 3344 176 3396 inclusit
194 3345 220 3393 H
290 3347 322 3394 16
340 3335 424 3410 η’όσιν
441 3346 544 3410 scripsi
561 3361 612 3410 pro
632 3336 731 3410 ἡϊόσιν
787 3348 818 3396 19
838 3339 990 3408 δικάζειν
1044 3346 1077 3394 23

10 3401 395 3562 issimis?
409 3412 1078 3548 ιὲλλξωιλέλὲλλὲλμλλίλλιῗλλίγιλῗ

60 3542 198 3613 σωμάτων
