2392 3960
104 153 167 218 388
405 154 547 205 mmm
570 153 817 206 IMPERATORIS

104 280 240 350 πάντων
273 275 482 367 ἀγνεύσαντα
513 281 618 350 νύκτα
651 283 705 350 καὶ
733 276 876 372 ἡμέραν,
907 279 980 350 εἶτα
1012 279 1119 370 ἀλλην

105 385 156 456 ἐπ’
191 384 275 475 αὐτῇ
307 386 412 455 νύκτα
443 387 679 475 καθηράμενον
712 381 763 468 οἷς
795 376 1061 475 διαγορεύουσιν
1088 392 1122 458 ολ

103 495 226 581 θεσμοὶ
258 504 447 583 καθαρμοῖς
479 491 586 574 οὕτως
618 503 696 562 είσω
730 496 899 580 φοιτῶντα
929 497 993 563 τού
1025 498 1120 585 ἱεροῦ

105 600 218 687 μένειν
247 597 327 680 ὅσας
359 596 402 668 ἀν
434 596 557 690 ἡμέρας
586 595 604 668 ὁ
632 599 736 688 νόμος
767 600 893 688 κελεύη.
938 600 1120 688 τριάκοντα

105 704 166 793 μέν
193 703 256 794 γάρ
288 709 326 774 αί
350 702 428 794 παρ’
458 702 539 794 ἡμῖν
572 711 658 775 είσιν
686 709 722 776 έν
746 701 868 796 Ῥώμη,
894 703 975 795 παρ’
1005 704 1145 790 άλλοιςι

106 810 143 880 δὲ
171 810 286 893 άλλως.
323 810 465 900 εύλογον
494 804 557 882 ούν
585 811 678 901 οἶμαι
696 814 809 901 μένειν
837 808 969 894 ’στάσας
995 813 1122 896 ταύτας

104 915 162 998 τὰς
193 915 316 1007 ἡμέρας
347 923 385 988 έν
416 933 486 1000 τοῖς
518 924 620 1008 ίεροῖς
652 922 922 1007 φιλοσοφοῦντα,
954 921 1012 988 καὶ
1041 921 1122 1009 μήτε

53 1029 159 1104 303είς
195 1030 306 1093 οἰκίαν
347 1029 494 1112 βαδίζειν
530 1026 611 1113 μήτε
647 1030 694 1106 είς
735 1022 877 1116 ἀγοράν,
914 1023 999 1095 ἀλλά
1037 1026 1122 1115 μηδὲ

106 1128 251 1219 άρχοντα
283 1129 371 1218 πλην
399 1133 436 1199 ἐν
467 1145 537 1213 τοῖς
565 1136 667 1220 ίεροῖς
694 1126 794 1220 δράν,
826 1134 1056 1219 ἐπιμελεῖσθαι
1084 1132 1121 1203 δὲ

105 1241 164 1324 τῆς
190 1239 265 1325 περὶ
292 1235 329 1305 τὲ·
358 1249 456 1306 θεῖον
473 1243 654 1327 θεραπείας
682 1234 788 1307 αὐτὸν
815 1240 992 1327 ἐφορῶντα
1009 1238 1156 1311 κύντατα

106 1345 161 1412 καὶ
199 1343 429 1430 διατάττοντα,
466 1343 689 1433 πληρώσαντα
726 1345 763 1413 δὲ
798 1342 857 1425 τάς
888 1340 1013 1434 ἡμέρας
1052 1343 1122 1415 εἶτα

107 1450 205 1540 ἑτέρω
233 1465 446 1538 παραχωρεῖν
472 1453 530 1538 της
562 1456 776 1538 λειτουργίας.
822 1451 876 1520 ἐπὶ
904 1449 941 1519 δὲ
973 1449 1036 1520 τὸν
1065 1449 1122 1521 ἀν-

104 1555 282 1643 θρώπινον
317 1559 506 1647 τρεπομένῳ
543 1563 620 1644 βίον
654 1558 772 1637 ἐξέστω
804 1558 860 1626 καὶ
891 1562 1044 1645 βαδίζειν
1076 1563 1123 1640 εἰς

108 1667 220 1731 οίκίαν
239 1667 342 1749 φίλου
361 1664 416 1731 καὶ
436 1668 483 1744 είς
506 1664 655 1732 ἑστίασιν
674 1660 826 1733 ἀπαντᾶν
852 1664 1122 1752 παρακληθέντα,

67 1765 153 1856 Βμὴ
180 1768 332 1854 πάντων,
364 1765 447 1837 ἀλλὰ
474 1772 542 1838 τῶν
569 1775 762 1856 βελτίστων·
795 1773 832 1839 ἐν
857 1768 967 1862 τούτφ
1000 1769 1040 1840 δὲ
1067 1772 1154 1841 καὶιε

108 1880 155 1954 είς
183 1870 311 1962 ἀγοράν
338 1884 520 1965 παρελθεῖν
548 1872 610 1944 ούκ
634 1873 760 1945 ἀτοπον
788 1873 945 1963 ὀλιγάκις,
972 1872 1123 1966 ἡγεμόνα

107 2009 142 2049 τε
168 1997 361 2069 προσειπεῖν
388 1983 443 2049 καί
471 1988 595 2062 ἔθνους
613 1980 768 2070 ἀρχοντα,
795 1983 851 2051 καὶ
877 1996 948 2064 τοῖς
975 1979 1125 2071 εύλύγως

109 2089 281 2175 δεομένοις
309 2085 371 2156 ὅσα
398 2090 564 2174 ἐνδέχεται
596 2091 776 2176 βοηθῆσαι.
820 2089 937 2178 πρέπει
964 2088 1003 2157 δὲ
1032 2087 1124 2178 οἶμαι

109 2209 179 2274 τοῖς
211 2196 357 2282 ίερεύσιν
384 2199 485 2263 ένδον
512 2196 588 2282 μέν,
621 2191 675 2263 ὅτε
702 2197 971 2286 λειτουργοῦσιν,
1006 2197 1124 2285 ἐσθῆτι

109 2303 255 2389 χρῆσθαι
291 2301 635 2389 μεγαλοπρεπεστάτῃ,
671 2302 739 2369 τάν
776 2303 876 2389 ἱεράν
912 2300 950 2370 δὲ
982 2302 1047 2383 ἔξω
1085 2304 1156 2391 τῇυ

110 2406 252 2494 συνήθει
285 2412 361 2495 δίχα
398 2414 626 2488 πολυτελείας·
665 2403 746 2476 ούδέ
777 2405 841 2495 γάρ
874 2404 1019 2494 εύλογον
1057 2422 1125 2489 τοῖς

110 2515 303 2600 δεδομένοις
330 2509 410 2600 ἡμῖν
439 2515 491 2582 ἐπὶ
509 2516 586 2603 τιμῇ
614 2516 707 2583 θεων
734 2517 781 2594 είς
799 2513 998 2594 κενοδοξίαν
1024 2541 1125 2585 κατα-

111 2621 257 2708 χρῆσθαι
289 2620 345 2687 καὶ
376 2618 486 2705 τύφου
523 2619 672 2707 μάταιον.
724 2616 808 2688 ὅθεν
844 2615 1009 2706 ἀφεκτέον
1046 2617 1127 2710 ἡμῖν

72 2727 255 2812 θέσθῆτος
286 2728 563 2816 πολυτελεστέρας
594 2729 631 2794 ἐν
663 2721 769 2817 ἀγορᾷ
805 2728 861 2795 καὶ
897 2724 1032 2813 κόμπου
1067 2722 1126 2815 [ἢ]

111 2832 167 2898 καὶ
203 2831 311 2918 πάσης
346 2828 458 2914 ἁπλῶς
498 2830 723 2920 ἀλαζονείας.4
753 2835 788 2901 οί
822 2835 908 2918 γοῦν
948 2833 1026 2902 θεοὶ
1064 2831 1160 2921 τηνιι

111 2937 279 3024 τοσαύτην
298 2934 501 3023 ἀγασθέντες
518 2935 726 3027 Ἀμφιαράου
745 2938 984 3028 σωφροσύνην,
1012 2936 1128 3027 ἐπειδὴ

111 3046 172 3112 τοῦ
202 3044 444 3133 στρατεύματος
472 3047 602 3114 ἐκείνου
622 3050 844 3114 κατεδίκασαν
863 3042 1002 3133 φθορὰν
1031 3044 1130 3129 είδύς

182 3288 306 3346 1νύκτα
324 3293 361 3361 Η]
380 3287 491 3359 νύκτωρ
573 3285 889 3362 5αίΗ]άν,οω.ν
962 3289 1077 3365 θδρᾶε
1093 3295 1130 3365 Η]

113 3367 234 3438 ἐφορᾶν,
266 3373 303 3422 οῖ.
321 3373 405 3423 4310
488 3376 518 3422 12
542 3375 724 3438 παραχωρεῖν
742 3371 779 3440 Η]
798 3370 1029 3441 παραχωροῦντα
1099 3376 1131 3427 14

114 3449 201 3508 φίλον
220 3447 254 3514 V]
274 3449 367 3513 φίλων
454 3451 486 3500 18
510 3444 611 3515 πρέπει
631 3445 710 3516 Cob.]
730 3445 836 3514 πρέποι
867 3448 872 3515 Ι
905 3443 982 3503 οἶ...
1002 3450 1029 3499 V
1098 3455 1131 3505 24

113 3517 132 3590 η’
150 3528 253 3579 delevit
273 3527 339 3581 Oob.
