2392 3960
140 158 178 220 155
439 161 584 211 IULIANI
600 161 848 213 IMPERATORIS

139 285 296 371 εὐπορεῖν
323 285 380 355 διίι
397 290 466 354 τῶν
492 287 608 355 πόνων
635 291 703 355 τῶν
721 314 804 371 προς
830 286 892 375 τὴν
909 294 1027 377 χρείαν
1050 287 1156 378 ιἰναγ-

99 400 260 479 ςκαίων,
292 391 330 461 τὸ
359 396 445 481 δρᾶν
473 420 503 460 τι
532 397 599 462 τῶν
626 394 824 462 δοκούντων
851 399 999 483 αίσχρῶν
1027 393 1156 484 άπαγο·

138 500 300 583 ρείοντες.
346 498 382 568 τὸ
411 498 448 567 δὲ
479 490 534 586 ἦν,
563 497 605 567 ού
632 498 693 586 τὴν
726 503 910 587 ἐπιθυμίαν
936 504 1060 582 ἐξελεῖν
1087 507 1157 573 τῶν

139 608 235 691 νίων,
263 603 346 673 άλλίι
373 603 410 674 τὸ
438 614 559 673 λαθεῖν
576 609 757 693 πειρᾶσθαι
786 609 910 693 ίδρῶτα
928 609 1156 695 προστάττειν.

137 716 265 798 πέφυκε
294 711 358 799 γάρ
376 709 420 780 ού
446 710 559 798 τρυφὴ
582 713 689 799 μόνον
718 704 801 799 ἦθος
829 718 1052 801 διαφθείρειν,
1072 712 1182 785 άλλδιο

137 820 193 886 καὶ
222 814 241 905 ἡ
268 821 338 886 τῶν
365 815 558 903 ἀναγκαίων
586 817 702 905 ἐνδεὴς
734 824 859 905 δίαιτα,
892 816 947 906 ἐφ’
978 811 1027 887 ῶν
1060 819 1156 891 ούπω

138 923 174 992 τό
208 930 337 1008 κρίνειν
369 920 388 992 ό
420 924 519 1009 λόγος
550 922 752 1011 προσλαβὼν
783 927 894 992 ἕπεται
925 941 998 1006 ταῖς
1029 934 1158 1015 χρείαις

138 1026 203 1098 ὑπὸ
230 1034 289 1117 τῆς
321 1032 501 1116 ἐπιθυμίας
533 1026 813 1118 ἀναπειθόμενος,
846 1028 953 1111 άλλως
979 1058 1014 1100 τε
1042 1039 1075 1100 εί
1100 1035 1157 1102 καὶ

94 1136 261 1207 Ῑιτούτον
294 1134 337 1223 μὴ
371 1141 509 1223 κρατοίη
536 1138 598 1204 τοῦ
629 1136 777 1222 πάθους,
809 1135 893 1223 πρὸς
924 1138 1157 1226 χρηματισμόν

138 1245 174 1310 ίκ
192 1246 325 1310 παίδων
344 1241 601 1329 συνεθιζόμενος
620 1249 678 1310 καί
702 1270 795 1322 τινας
814 1239 955 1329 ἀμοιβάς
983 1247 1155 1333 ἐμποριῶν
1168 1272 1194 1313 ιο

138 1350 193 1416 καὶ
226 1353 405 1434 καπηλείας
441 1345 499 1427 τὰς
531 1347 592 1435 μὲν
624 1345 725 1428 αὐτὸς
757 1344 869 1436 εὑρών
904 1347 962 1430 τάς
995 1349 1033 1417 δὲ
1064 1350 1157 1440 παρά

137 1457 206 1521 τῶν
233 1454 373 1521 είδότων
400 1453 531 1540 μαθών,
560 1450 643 1541 ὑπὲρ
667 1446 716 1521 ῶν
739 1450 781 1522 ού
803 1456 912 1539 λέγειν
938 1455 1056 1542 μόνον,
1084 1454 1154 1526 ἀλλ’

139 1557 217 1628 οὐδὲ
257 1557 394 1627 ἀκούειν
435 1557 530 1639 ἄξιον
567 1561 732 1649 ἐλευθέρῳ
769 1565 880 1646 παιδί,
919 1567 1075 1642 πλείστας
1111 1559 1156 1631 άν

138 1671 275 1752 κηλῖδας
296 1664 513 1733 ’ίναπόθοιτο
551 1667 591 1752 τῇ
626 1669 732 1752 ψυχῇ,
771 1657 820 1732 ῶν
850 1669 968 1734 πασῶν
999 1666 1156 1757 καθαρόν

138 1769 225 1839 εἶναι
252 1770 314 1858 χρὴ
342 1772 397 1838 καὶ
425 1768 485 1838 τὸν
512 1773 636 1857 ἐπιεικῆ
659 1777 809 1858 πολίτην,
837 1769 904 1840 ἀλλ’
935 1769 977 1840 ού
1004 1771 1065 1841 τὸν
1093 1781 1154 1861 βα·
1168 1798 1193 1841 ιο

139 1878 231 1945 σιλία
263 1878 319 1944 καὶ
352 1875 539 1966 στρατηγὸν
570 1875 684 1963 μόνον.
730 1878 803 1964 ἐμοὶ
836 1876 874 1945 δὲ
906 1875 969 1946 οὐκ
1002 1881 1156 1968 ἐπιτιμᾶν

88 2006 120 2054 16
140 1984 193 2051 ἐπὶ
220 1986 282 2051 τοῦ
309 1982 475 2070 παρόντος
499 1984 638 2062 ἐκείνοις
656 1983 828 2071 προσήκει·
857 1985 954 2064 δείξω
983 1983 1021 2053 δὲ
1048 1986 1157 2073 μόνον

138 2093 197 2177 τῆς
225 2092 408 2178 διατροφῆς
425 2087 463 2156 τό
493 2089 667 2175 διαφέρον,
695 2117 716 2176 η
735 2089 941 2177 χρησάμενος
967 2090 1079 2159 κάλλει
1098 2093 1155 2161 καὶ

140 2195 233 2283 ῥῶμη
262 2197 317 2263 καὶ
341 2194 540 2283 δικαιοσύνη
568 2196 624 2262 καλ
647 2195 853 2283 σωφροσύνη
881 2195 1067 2284 διήνεγκας,
1098 2196 1156 2267 διὰ

139 2301 201 2389 μὲν,
227 2304 295 2369 τῶν
326 2301 441 2370 πόνων
468 2299 530 2388 τὴν
563 2297 693 2380 εὐεξίαν
725 2300 997 2390 περιβαλόμενος,
1029 2302 1087 2371 διὰ
1116 2303 1194 2373 δὶα·

139 2411 208 2475 τῶν
235 2407 350 2495 νόμων
376 2405 438 2494 τὴν
467 2406 694 2495 σωφροσύνην
712 2407 925 2495 κτησάμενος,
952 2411 1074 2500 καὶτῷ
1093 2409 1156 2497 μὲν

140 2513 266 2600 στόματι
295 2515 536 2602 ρωμαλεωτέρω
566 2510 622 2579 διά
641 2510 703 2600 τὴν
730 2514 924 2602 ἐγκράτειαν
950 2518 1008 2602 τῆς
1034 2519 1155 2604 ψυχῆς,

139 2622 179 2709 τῇ
207 2622 297 2707 ψυχῇ
325 2615 356 2686 δ’
388 2609 432 2686 αὖ
460 2616 516 2685 διά
544 2616 605 2705 τὴν
632 2622 693 2687 τοῦ
721 2618 871 2706 σώματος
898 2626 1076 2711 καρτερίαν
1104 2627 1155 2691 δι-

140 2727 293 2815 καιοτέρα
321 2723 499 2814 χριόμενος,
527 2724 567 2791 τὰ
586 2724 647 2811 μὲν
674 2725 862 2812 ἐκφύσεως
885 2724 999 2813 άγαθά
1027 2727 1155 2795 συναύ-

141 2835 206 2913 ξων
234 2835 269 2899 ἐκ
296 2831 434 2918 παντός,
466 2828 507 2897 τά
536 2830 573 2898 δὲ
606 2844 677 2911 ταῖς
709 2833 907 2918 ἐπιμελείαις
939 2834 1066 2913 ἔξωθεν
1098 2830 1151 2902 άεδ
1166 2858 1192 2901 τε

99 2954 122 3009 Β
140 2938 421 3026 προσλαμβάνων·
449 2937 504 3004 καὶ
523 2936 719 3023 ἐνδεόμενος
741 2936 802 3024 μὲν
821 2936 971 3023 οὐδενός,
999 2940 1155 3026 ἐπαρκῶν

141 3041 172 3112 δ’
203 3042 314 3125 ἄλλοις
341 3044 395 3112 καὶ
424 3041 636 3131 χαριζόμενος
667 3043 811 3131 μεγάλας
838 3041 965 3134 δωρεάς
991 3044 1047 3110 καὶ
1076 3041 1154 3111 ὅσαι

207 3195 294 3246 4τοῦ
311 3197 416 3249 λαθεῖν
435 3197 547 3247 Schaef.
608 3197 624 3245 5
642 3188 674 3247 τό
693 3182 769 3261 ἦθος
789 3196 896 3248 Schaef.
958 3196 990 3246 10
1009 3187 1154 3261 ἕμποριῶν

140 3261 221 3329 Rsk]
240 3255 369 3328 ἐμπόριον
439 3267 471 3314 12
488 3254 651 3342 μανθάνων
668 3266 700 3340 V.
763 3267 795 3314 14
816 3262 940 3330 κηλῖδας
959 3261 1083 3343 δαίμοσί]
1101 3280 1154 3330 κη-

142 3330 224 3391 λίδας
298 3334 330 3408 lt}
357 3331 519 3399 διατροφης
546 3328 582 3398 V]
609 3347 718 3409 τροφης
745 3330 749 3396 Ι
777 3326 920 3396 διαφέρον
947 3328 983 3412 V]
1009 3326 1154 3397 διάφορον

140 3404 173 3451 ‘20
190 3398 417 3466 περιβαλομενος
435 3398 512 3466 ask]
530 3397 772 3481 πρριβαλλομενος
841 3401 872 3448 21
891 3396 1081 3478 u'vqcauevos]
1101 3416 1155 3450 κα-

141 3462 354 3547 ταγρηοάμετος
376 3468 401 3516 V
433 3531 440 3547 t
474 3470 507 3519 23
531 3465 581 3532 αν]
606 3454 696 3546 αύθις
718 3467 747 3516 Μ
774 3536 779 3548 .
815 3469 849 3518 24
871 3481 985 3532 φύσεως
1006 3466 1083 3588 νΜη
1102 3464 1154 3532 τῆς

140 3551 254 3601 φοοειος
306 3527 730 3602 λθένδεομενοςΗ]δεομενος.
753 3535 947 3588 v1d.ad125D
999 3533 1069 3587 273
1096 3536 1155 3588 VM
