2392 3960
468 210 605 263 onfflo
623 214 673 264 111.
1016 214 1075 278 139

56 339 195 428 φαύλην
227 340 284 408 καὶ
321 335 477 430 ἀμυδρὰν
510 340 638 427 εἰκόνα,
676 336 696 428 ἢ
729 341 942 411 παντάπασιν
974 339 1073 432 ὑπερ-

57 446 189 527 ιδόντες
221 445 279 516 διά
311 444 373 533 τὴν
405 445 504 534 ἰσχὺν
542 449 771 534 κατέγνωσαν,
808 444 829 534 ἢ
860 451 1077 538 προσιέμενοί

56 580 93 638 γε
131 551 189 621 διά
223 558 303 640 βίου
330 555 536 641 καρποῦνται
568 550 626 633 τάς
655 556 857 641 ἐπωνυμίας·
894 556 999 643 μόνης
1036 557 1073 626 δὲ

56 656 152 747 οἶμαι
184 660 306 747 ταύτης
337 656 418 727 οὐδὲ
449 658 512 745 τὴν
549 657 656 748 άρχίγν
688 656 881 748 ὑπερεῖδον,
917 669 1073 751 χαίρουσι

31 764 94 834 εδδ
121 763 283 855 καὶπρὸς
310 762 467 834 ἐνιαυτόν
493 766 726 853 τυγχάνοντες·
755 768 809 834 καὶ
834 766 910 835 οὔτε
939 767 1112 857 ίδιιότηςΟ

56 869 171 952 οὐδεὶς
200 869 278 940 ούτε
304 871 461 958 βασιλεύς
489 875 579 940 ἐστιν
606 869 626 959 ἢ
655 874 808 958 γέγονεν,
837 870 874 954 ἐς
902 870 944 941 ού
972 882 1071 961 ζηλω-

54 976 115 1046 τὸν
158 978 314 1066 ἐνόμισεν
355 975 481 1058 ὕπατος
521 981 804 1066 ἐπονομασθῆναι.
860 985 890 1046 εί
927 981 979 1066 δέ,
1021 978 1072 1049 ότι

55 1087 187 1173 πρῶτος
215 1090 330 1172 ἔτυχεν
357 1086 483 1165 ἐκεῖνος
501 1086 556 1152 καὶ
575 1087 713 1170 γέγονεν
742 1081 886 1173 άρχηγὸς
913 1088 958 1176 τῷ
982 1089 1072 1172 γένει

54 1193 113 1278 τῆς
147 1189 314 1277 εὐδοξίας,
347 1191 482 1260 ἔλαττόν
513 1219 563 1271 τις
595 1197 681 1278 ἐχειν
718 1188 823 1260 αὐτόν
855 1194 923 1259 τῶν
961 1190 1071 1261 ἄλλων

10 1308 43 1379 1ο
55 1292 301 1385 ὑπολαμβάνει,
333 1303 409 1365 λιάν
446 1296 696 1385 ἐξαπατώμενος
728 1294 770 1366 ού
807 1298 987 1385 μανθάνει·
1025 1303 1070 1390 τῷ

55 1404 153 1471 παντὶ
183 1401 248 1493 γάρ
276 1402 367 1491 οἶμαι
395 1403 546 1493 κρεῖττόν
574 1405 642 1471 ἐστι
666 1405 721 1471 καὶ
741 1404 946 1494 σεμνότορον
965 1402 1071 1494 ἀρχὴν

55 1524 240 1599 παρασχεῖν
280 1525 350 1590 τοῖς
391 1509 542 1596 ἐγγόνοις
582 1517 799 1598 περιφανείας
845 1511 1009 1598 τοσαύτης
1049 1508 1069 1599 ἢ

10 1666 15 1721 χ
57 1622 171 1702 λαβεῖν
204 1616 293 1704 παρὰ
325 1618 393 1684 τεόν
424 1616 611 1705 προγόνων.
657 1617 735 1684 ἐπεὶΙ
759 1617 813 1684 καὶ
851 1615 978 1698 πόλεως
1015 1632 1113 1705 με-1)

57 1727 170 1809 γίστης
204 1719 354 1809 οίκιστην
390 1725 550 1808 γενέσθαι
588 1736 737 1811 κρεῖττον
769 1718 789 1810 ἢ
822 1729 976 1811 πολίτην,
1014 1726 1069 1792 καὶ

10 1776 44 1903 ,λιι
55 1834 171 1914 λαβεῖν
205 1824 322 1897 ότιοῦν
354 1825 487 1914 άγαθὸν
519 1831 580 1896 τοῦ
612 1831 733 1896 δοῦναι
764 1832 810 1919 τῷ
842 1831 942 1897 παντὶ
970 1858 1069 1898 κατα-

55 1936 238 2023 δεέστερον.
284 1933 467 2023 λαμβάνειν
494 1934 531 2002 δὲ
560 1937 686 2002 ἐοίκασι
704 1933 793 2021 παρὰ
822 1939 889 2002 των
917 1938 1070 2024 πατέρων

55 2045 89 2108 oc
123 2045 242 2121 παῖδες
278 2043 334 2108 καὶ
366 2045 401 2110 οί
435 2050 566 2110 πολῖται
603 2038 693 2129 παρά
724 2043 792 2107 τάν
828 2041 957 2109 πόλεων
996 2037 1070 2109 οἷον
1171 2066 1175 2071 ·

54 2143 211 2236 άφορμάς
241 2173 335 2228 τινας
367 2146 450 2236 πρὸς
482 2145 648 2228 εὐδοξίαν.
695 2143 784 2226 ὅστις
816 2146 853 2213 δέ
882 2143 1068 2215 ἀποδίδωσι

10 2296 15 2309 κ
53 2253 157 2321 πάλιν
191 2254 223 2334 ἐξ
252 2255 374 2322 ἑαυτοῦ
407 2253 587 2343 προγόνοις
619 2281 653 2321 τε
680 2254 736 2320 καλ
768 2257 902 2341 πατρίδι
935 2260 1069 2341 μείζονα

10 2382 41 2424 ..ιο
53 2362 151 2446 τιμῆς
179 2355 356 2446 ὑπόθεσιν,
384 2362 615 2449 λαμπροτέραν
633 2359 694 2447 μὲν
722 2360 854 2445 ἐκείνην
876 2360 932 2426 καὶ
951 2380 1069 2447 σεμνο-

52 2466 172 2554 τέραν,
210 2463 288 2546 τοὺς
324 2468 467 2555 πατέρας
505 2465 542 2534 δέ
583 2467 817 2554 ἐνδοξοτέρους
858 2462 1069 2552 άποφαίνων,

54 2564 155 2652 οὗτος
184 2568 299 2640 ούδενδ
327 2579 513 2641 καταλείπει
540 2569 624 2661 πρὸς
651 2568 819 2656 εὐγενείας
847 2571 949 2658 λόγον
977 2569 1069 2660 άμιλ-

53 2687 132 2746 λαν·
172 2673 252 2746 οὐδὲ
285 2684 376 2747 ἐστιν
408 2676 499 2759 ὅστις
532 2681 662 2747 ἐκείνου
696 2677 794 2765 φήσει
827 2684 985 2767 κρείττων
1012 2700 1123 2764 γε-Ιοο

55 2785 207 2870 γονέναι·
236 2786 268 2865 ἐξ
297 2782 438 2871 ἀγαθῶν
465 2785 526 2872 μὲν
554 2783 618 2873 γάρ
647 2782 780 2871 ἀγαθόν
807 2787 914 2871 φῦναι
941 2785 1012 2873 χρή.
1051 2781 1068 2852 ὁ

141 3050 158 3097 4
182 3039 252 3100 ούδέ
271 3073 304 3083 -
323 3045 456 3113 χαίρουσι
480 3040 526 3112 δὲ]
553 3047 588 3095 Et
609 3044 662 3096 hoc
686 3045 747 3095 Ιοοο
770 3045 928 3109 scripserim
951 3035 1018 3096 οὔτε
1038 3071 1070 3080 -

54 3115 194 3182 χαίρουσί
209 3131 240 3166 τε
258 3120 286 3166 ολ
305 3114 387 3165 1110
412 3113 613 3181 δυσχεραίνειν
631 3129 662 3164 τε
731 3106 838 3164 Βούτε
857 3110 963 3177 βοαὶ1
997 3105 1070 3165 ου’δέ

54 3183 121 3248 βασ.
204 3186 235 3234 10
252 3176 400 3248 μανθάνει
418 3180 453 3247 V]
475 3176 619 3233 λανθάνει
701 3183 732 3231 12
751 3171 880 3256 ἐγγόνοις
898 3180 955 3231 VM
990 3174 1071 3246 ἐκγό-

54 3268 120 3312 νοις
183 3255 214 3302 13
233 3250 333 3316 λαβεῖν
350 3242 420 3316 VM]
437 3248 619 3316 παραλαβεῖν
681 3250 712 3298 15
730 3264 781 3299 τον
801 3246 906 3299 δοῦναι
924 3244 962 3316 τῷ
982 3245 1070 3299 παντλ

56 3321 128 3372 Cob.
158 3319 210 3370 τοῦ
229 3312 347 3369 διδόναι
363 3314 402 3386 τῷ
420 3314 508 3369 παντὶ
521 3319 592 3380 Pet„
610 3309 643 3367 ού
658 3314 696 3385 τῷ
709 3314 796 3369 παντὶ
815 3321 881 3382 pet„
903 3305 971 3382 ἢτοῐ
982 3313 1071 3367 παντὶ

54 3389 99 3451 Μ,
122 3406 141 3454 η
160 3380 193 3451 τό
212 3382 306 3452 πάντη
325 3387 349 3437 V
368 3386 465 3452 spanh.
535 3387 566 3436 17
585 3379 616 3437 οί
630 3384 746 3436 πολῖται
764 3380 835 3450 VM]
854 3384 970 3434 πολῖται
1038 3385 1070 3433 22

54 3454 230 3506 καταλιπεῖν
256 3456 330 3518 VM,
358 3454 512 3506 καταλίπει
539 3459 593 3520 pet.
629 3455 735 3518 Legum
762 3453 856 3528 igitur!
874 3451 959 3502 δοκεῖ
981 3466 1070 3501 κατα-

57 3524 156 3575 λιπεῖν
188 3523 193 3585 Ι
220 3515 305 3588 λόγον
324 3511 449 3584 άμιλλαν
467 3520 544 3588 Οοολ
563 3512 689 3586 άμιλλαν
709 3513 794 3585 λόγον
812 3518 914 3584 (λογων
933 3517 967 3581 V)
1037 3521 1070 3569 23

57 3580 129 3642 ούδέ
148 3583 225 3641 ἔστιν
243 3590 281 3650 Η]
300 3582 370 3642 ούδέ
389 3585 465 3642 ἐστιν
488 3588 494 3656 Ι
521 3582 609 3655 φήσει
627 3585 664 3655 Η]
686 3587 765 3655 φησὶ.
798 3587 831 3638 cf.
851 3589 882 3637 18
895 3588 919 3635 D
938 3592 966 3636 ει
985 3585 1070 3636 1151)
