2392 3960
113 132 176 197 306
419 131 562 184 ιοιαλαι
584 132 826 185 ιαεααλυοωε

114 265 181 329 των
208 265 357 345 παίδων,
389 258 458 327 εἶτα
486 259 603 328 κύκνοι
631 256 771 348 λιγυρὸν
799 257 937 350 ᾅδοντες
964 262 1020 328 καὶ
1048 263 1128 349 ἐπη-

114 371 238 455 χοῦντα
267 363 381 446 αύτοῖς
399 364 439 433 τά
459 368 593 455 δένδρα,
620 367 777 453 λειμῶυές
795 393 829 434 τε
848 370 1005 455 ε”νδροσοι
1023 376 1128 455 μαλα-

114 478 174 562 κῆς
200 473 286 553 πόας
312 473 367 540 καὶ
394 479 535 558 βαθείας
563 480 708 561 πληρείς,
735 469 756 560 η’
784 499 818 540 τε
837 474 873 541 ἐκ
894 475 963 541 τῶν
991 469 1130 542 άνθέων

75 577 203 667 Βόδμὴ
237 581 292 647 καί
325 577 361 648 τὸ
395 584 454 668 έαρ
487 575 569 647 αύτὸ
602 585 661 646 καί
689 605 776 658 τινες
808 578 934 660 εἰκόνες
965 583 1129 648 τοιαῦται.

115 689 183 755 πού
209 688 307 754 τούτο
333 681 522 773 Ἰσοκράτης
550 687 587 752 ἐν
604 699 673 766 τοῖς
696 687 967 773 ἐγκωμιαστικοῖς
995 689 1158 773 έποίησεε

116 793 240 878 λόγοις;
272 795 339 860 πού
372 791 409 861 δὲ
441 794 509 860 τῶν
541 793 693 859 παλαιῶν
724 818 773 872 τις
804 789 960 880 ἀνδρῶν,
993 798 1029 860 οἱ)
1058 808 1133 874 ταῖς
1165 814 1167 817 ’

115 899 273 978 Μούσαις
301 900 473 968 ἐτελοῦντο
492 902 648 985 γνησίως,
675 895 746 965 ἀλλ’
777 895 839 985 ούχ
863 895 973 987 ὥσπερ
993 903 1029 967 οί
1049 902 1132 981 γύας

117 1003 238 1092 άφίημι
267 1006 304 1072 δὲ
331 1003 371 1072 τά
400 1005 488 1091 ἑξῆς,
516 1008 572 1072 ἴνα
599 1002 644 1091 μὴ
672 1005 728 1072 καὶ
759 1003 843 1092 πρὸς
870 1004 1012 1085 τούτους
1052 1003 1133 1074 άπε-

118 1110 328 1199 χθανόμενος
360 1107 428 1196 άμα
460 1124 529 1190 τοῖς
560 1137 595 1178 τε
622 1110 844 1196 φαυλοτάτοις
875 1113 1134 1180 τῶνᾸΚυνικῶν

119 1218 174 1285 καὶ
202 1209 270 1284 τῶι)
298 1216 451 1305 ῥητόρων
477 1216 757 1305 προσκρούσαιμι·
785 1213 830 1297 ὡς
857 1222 966 1304 ἔμοιγε
984 1217 1068 1308 πρός
1096 1245 1133 1288 τε
1148 1242 1174 1282 10

118 1321 198 1404 τούς
225 1329 423 1411 κρατίστους
449 1325 515 1390 τῶν
543 1326 717 1410 Κυνικῶν,
745 1331 778 1391 εί
800 1350 850 1403 τις
877 1320 942 1412 άρα
969 1329 1040 1392 ἔστι
1066 1327 1136 1393 νύν

119 1433 280 1515 τοιοῦτος,
300 1430 355 1497 καὶ
374 1427 456 1517 πρὸς
478 1427 557 1510 τοὺς
575 1435 752 1515 γενναίους
770 1428 912 1518 ῥήτοράς
931 1431 999 1524 ἐστι
1017 1429 1137 1517 φιλικά

84 1536 235 1609 Οπάντα.
285 1538 353 1602 τῶν
384 1534 446 1622 μὲν
479 1532 519 1622 δη
553 1534 717 1604 τοιούτων
744 1535 869 1621 λόγων,
902 1541 933 1603 εί
957 1537 1014 1605 καὶ
1046 1535 1137 1631 πολύ

118 1644 253 1728 πλῆθος
279 1644 418 1730 έπιρρελ·
447 1642 502 1709 καλ
522 1639 585 1710 οὐκ
603 1647 694 1710 ἔστιν
721 1638 804 1711 ὅσον
823 1639 898 1728 ούχὶ
926 1643 1036 1728 λέγειν
1059 1645 1136 1713 ἐθέ-

119 1758 188 1818 λων
215 1775 264 1828 τις
292 1749 327 1816 ἐκ
345 1747 435 1816 πάνυ
464 1750 628 1829 δαψιλοῦς
656 1744 847 1835 άντλήσειεν
867 1743 909 1816 άυ
928 1753 1048 1817 πίθου·
1075 1753 1173 1839 τῆςιι

119 1855 336 1943 προκειμένης
367 1849 447 1942 ἡμῖν
480 1850 637 1941 ἀσχολίας
668 1856 781 1923 ἕνεκεν
814 1851 986 1942 ἀφέξομαι.
1032 1854 1136 1946 μικρά

120 1960 157 2029 δὲ
185 1967 232 2029 ἔτι
259 1964 305 2052 τῷ
333 1960 421 2052 λόγῳ
440 1961 600 2050 προσθεὶς
619 1957 729 2049 ὥσπερ
757 1957 922 2048 ὀφλήματα
948 1959 987 2030 τὸ
1015 1963 1137 2032 ἐνδέον

84 2065 172 2141 Βέπ’
203 2065 282 2137 άλλο
310 2093 342 2134 τι
359 2068 531 2155 τρέψομαι,
559 2068 697 2154 ταυτηνὶ
724 2063 787 2154 τὴν
805 2063 1004 2157 ξυγγραφὴυ
1027 2064 1136 2138 αύτού

119 2200 185 2242 που
212 2172 396 2263 πληρώσας.
711 2264 715 2271 ἱ
958 2240 962 2251 ,

203 2286 260 2360 Τίς
287 2272 351 2348 ούν
378 2276 398 2367 ἡ
428 2283 495 2348 των
522 2281 775 2366 Πυθαγορικῶν
808 2275 962 2366 εὐλάβεια
989 2281 1066 2370 περὶ
1094 2280 1135 2350 τά
1149 2306 1175 2346 ιο

119 2389 188 2455 τῶν
215 2389 308 2455 θεῶν
336 2383 493 2475 ὀνόματα,
521 2393 570 2466 τίς
598 2386 635 2454 δὲ
662 2381 897 2474 ἡΠλάτωνος;
925 2384 1076 2468 ποταπὸς
1099 2387 1136 2457 δὲ

77 2559 87 2574 ,
120 2483 163 2579 ἦν
182 2495 219 2560 ἐν
237 2493 368 2573 τούτοις
384 2490 621 2582 Ἀριστοτέλης;
649 2483 703 2581 ἆρ’
735 2488 797 2560 ούκ
816 2489 911 2572 ἄξιον
929 2488 1012 2561 αὐτὸ
1033 2497 1136 2577 ίδελν;

121 2594 141 2685 ἢ
170 2595 231 2666 τὸν
258 2598 320 2686 μὲν
339 2599 471 2686 Σάμιον
500 2596 611 2680 οὐδεὶς
634 2595 765 2687 άυτερεῖ
784 2601 940 2667 τοιοῦτον
958 2599 1137 2685 γενέσθαι;

121 2706 176 2773 καὶ
215 2702 279 2793 γάρ
317 2702 394 2774 ούτε
430 2703 467 2773 τὸ
505 2702 651 2793 ὀνόματα
691 2707 783 2773 θεῶν
820 2707 856 2773 ἐν
891 2707 931 2793 τῇ
973 2711 1138 2795 σφραγῖδι

122 2825 241 2900 φορεῖν
274 2812 448 2901 ἐπέτρεπεν
481 2809 557 2880 ούτε
590 2809 627 2879 τὸ
661 2808 749 2902 ὅρκῳ
787 2813 932 2901 χρῆσθαι
962 2815 1179 2902 προπετῶςεε

122 2933 191 2998 τοῖς
218 2919 286 2985 τῶν
312 2920 406 2986 θεῶν
425 2914 596 3006 ὀνόμασιν.
642 2923 674 2986 εί
699 2917 736 2986 δὲ
755 2905 820 2986 νῦν
838 2919 976 3006 λέγοιμι,
1005 2914 1057 2987 ὅτι
1079 2921 1138 2989 καὶ

70 3043 121 3092 237
131 3029 177 3104 είς
195 3032 369 3108 Αίγοπτον
388 3024 555 3116 ἐπορεύθη
574 3025 630 3092 καὶ
648 3025 780 3114 Πέρσας
800 3022 868 3093 εἶδε
885 3025 942 3094 καὶ
964 3029 1141 3114 πανταχοῦ

190 3245 205 3292 6
229 3259 271 3302 τις
293 3242 398 3298 add.V
473 3246 504 3294 12
528 3238 632 3309 φιλικά
654 3244 716 3296 Pet.
741 3243 853 3309 ομιττεδ,
878 3261 947 3309 φ...
969 3244 1006 3304 V,
1031 3243 1137 3309 φιλ...

121 3316 177 3377 pet.
264 3313 296 3361 15
318 3301 486 3376 άντλήσειεν
505 3300 542 3362 δν
560 3309 598 3378 H]
618 3303 769 3376 άντλήσειε
786 3309 837 3362 τού
926 3313 957 3360 16
980 3305 1083 3362 ἕνεκεν
1101 3310 1141 3381 Η]

123 3378 234 3430 εἵνεκεν
252 3437 258 3457 ,
304 3381 335 3429 21
353 3372 483 3438 ποταπδς
502 3377 579 3446 δυο]
598 3374 731 3438 ποδαπὸς
811 3381 844 3429 24
866 3371 933 3430 οὔτε
952 3369 984 3429 τδ
1005 3369 1143 3461 ὀνόματα

123 3445 200 3512 Cob.]
217 3462 260 3522 ,ου
283 3442 315 3498 τδ
338 3439 439 3523 ὄνομα,
516 3449 549 3498 25
572 3438 638 3499 οὔτε
663 3443 694 3498 τὰ
713 3439 788 3512 ὅρκῳ
807 3442 888 3514 Cob.]
913 3439 984 3498 οάδὲ
1001 3443 1042 3516 τῷ
1060 3462 1143 3515 om

71 3525 75 3532 '
123 3518 154 3566 ‘26
174 3507 314 3578 ὁνομασιν
332 3512 368 3580 V]
389 3506 509 3580 ὀνομασι
580 3537 582 3541 ⁴
1024 3532 1028 3536 ·
