2370 3908
98 167 161 231 220
398 166 543 218 IULIANI
559 164 806 217 ιιιεειειυοειιε
868 175 872 180 “

99 325 163 384 ρια.
204 301 238 364 τί
262 294 326 384 γάρ
355 291 600 382 εὐθυμότερον,
628 297 663 359 τί
688 290 725 361 δὲ
753 290 955 381 ἱλαρώτερον
982 291 1114 377 γένοιτο

99 399 142 471 άν
169 405 277 489 ψυχῆς
305 399 459 489 ἀπειρίαν
477 399 538 488 μὲν
566 400 621 467 καὶ
649 399 780 484 γένεσιν
803 399 858 466 καὶ
885 397 946 467 τὸν
964 400 1001 466 ἐν
1029 395 1116 490 αὐτῇ

99 508 255 577 κλύδωνα
293 505 540 593 διαφυγούσης,
577 507 629 574 ἐπὶ
662 504 700 572 δὲ
735 501 814 585 τούς
849 501 953 585 θεοὺς
989 502 1117 588 αὐτοὺς

99 612 315 701 άναχθείσης;
350 605 398 681 ών
431 615 491 681 ἕνα
523 613 578 679 καὶ
611 609 671 680 τὸν
695 608 807 678 ’Ἁττιν
840 608 922 679 όντα
949 617 1116 701 περιεῖδεν

100 717 256 809 οὐδαμῶς
283 716 304 808 ἡ
332 723 400 787 τῶν
418 721 512 788 θεών
530 716 653 807 Μήτηρ
681 723 859 804 βαδίζοντα
877 717 991 807 πρόσω
1010 720 1143 788 πλέοντ

98 823 119 915 η’
148 830 242 916 χρῆν,
271 823 355 915 πρὸς
382 822 504 913 ἑαυτὴν
524 823 561 893 δὲ
580 826 767 913 ἐπέστρεψε,
795 827 914 912 στῆσαι
941 822 1004 911 την
1022 822 1116 894 άπει-

100 940 178 1021 ρίαν
205 933 426 1020 προστάξασα.

181 1040 247 1106 Καὶ
266 1038 310 1125 μή
328 1066 378 1119 τις
396 1033 550 1125 ὑπολάβῃ
568 1064 608 1123 με
627 1038 746 1123 λέγειν,
775 1032 819 1118 ώς
836 1039 940 1104 ταῦτα
964 1036 1116 1126 ἐπράχθη

48 1145 184 1216 ιῖοποτὲ
216 1146 272 1212 καί
308 1147 463 1230 γέγονεν,
496 1140 606 1229 ὥσπερ
644 1139 706 1211 οὐκ
743 1142 883 1212 εἰδότων
920 1146 988 1210 τών
1024 1148 1118 1214 θεῶν

102 1248 224 1336 αὐτῶν,
253 1247 319 1336 ό,τι
346 1249 558 1337 ποιήσουσιν,
585 1245 606 1336 ἢ
635 1247 676 1317 τά
703 1253 801 1336 σφών
829 1245 941 1318 αὐτῶν
969 1245 1114 1340 άμαρτη-
1130 1278 1155 1318 ιι

101 1384 186 1444 ματα
225 1358 489 1446 διορθουμένων.
541 1352 623 1424 άλλά
660 1359 695 1424 οἰ
729 1357 865 1424 παλαιοὶ
900 1358 969 1423 τών
1005 1354 1116 1427 όντων

102 1461 153 1531 άεὶ
185 1461 244 1543 τὰς
275 1468 396 1548 αἰτίας,
435 1459 508 1551 η’τοι
544 1465 612 1530 τών
644 1464 736 1531 θεῶν
772 1458 1021 1550 ὑφηγουμένων
1054 1461 1114 1554 (ἢ)

102 1567 186 1637 κατά
218 1572 307 1655 σφάς
345 1566 469 1649 αὐτοὺς
501 1568 771 1659 διερευνώμενοι,
803 1571 936 1656 βέλτιον
968 1568 1006 1637 δὲ
1034 1579 1115 1652 ἴσως

103 1681 209 1743 εἰπεῖν
237 1679 410 1763 ζητοῦντες
436 1673 498 1762 ὑφ’
528 1671 666 1765 ἡγεμόσι
693 1690 762 1756 τοῖς
788 1686 893 1763 θεοῖς,
921 1680 1031 1744 ἔπειτα
1060 1674 1114 1746 εό-

103 1781 218 1868 ρόντες
246 1783 432 1850 ἐσκέπασαν
460 1779 546 1850 αότά
578 1780 701 1869 μάθοις
726 1782 943 1871 παραδόξοις,
976 1786 1033 1850 ἵνα
1062 1782 1119 1853 διά
1133 1809 1155 1851 ιι

102 1891 163 1956 τοῦ
195 1888 388 1976 παραδόξου
420 1891 475 1957 καί
509 1885 778 1976 άπεμφαίνοντος
809 1886 847 1958 τὸ
880 1887 1015 1976 πλάσμα
1046 1916 1119 1977 φω-

104 1992 210 2080 ραθὲν
238 1996 292 2063 ἐπὶ
319 1993 382 2082 τὴν
401 1995 534 2082 ζήτησιν
562 1991 647 2082 ἡμᾶς
665 1997 723 2082 τῆς
750 1990 909 2082 άληθείας
936 1997 1118 2087 προτρέψη,

68 2115 174 2180 Βτοῖς
208 2101 269 2188 μέν
306 2100 455 2182 ἰδιώταις
487 2098 654 2190 άρκοόσης
687 2097 778 2187 οἶμαι
814 2104 872 2190 τῆς
904 2098 1029 2187 άλόγου
1062 2105 1119 2172 καί

105 2205 161 2274 διδι
189 2209 256 2274 τών
288 2207 469 2296 συμβόλων
501 2207 617 2295 μόνων
643 2202 819 2296 ώφελείας,
848 2223 917 2290 τοῖς
944 2207 982 2278 δὲ
1009 2234 1119 2298 περιτ-

103 2327 174 2393 τοῖς
200 2313 283 2382 κατά
314 2312 376 2402 τὴν
408 2314 577 2402 φρόνησιν
609 2310 715 2394 οὕτως
747 2309 790 2382 άν
821 2315 945 2403 μόνως
959 2317 1120 2404 ἐσομένης
1133 2343 1155 2384 ει

106 2415 276 2506 ὠφελίμου
303 2423 362 2506 της
388 2421 462 2510 περὶ
495 2421 588 2489 θεών
616 2416 791 2506 άληθείας,
824 2430 857 2489 εἰ
884 2448 934 2503 τις
960 2422 1120 2506 ἐξετάζων

105 2521 212 2612 αὐτὴν
240 2521 301 2611 ὑφ’
332 2521 468 2613 ἡγεμόσι
495 2541 565 2607 τοῖς
591 2536 686 2607 θεοῖς
718 2522 816 2615 εὕροι
837 2529 894 2597 καὶ
921 2528 1032 2616 λάβοι,
1062 2531 1120 2599 διά

105 2630 166 2718 μὲν
193 2633 261 2697 τῶν
294 2633 498 2719 αἰνιγμάτων
530 2629 774 2721 ὑπομνησθείς,
807 2630 858 2702 ὅτι
890 2633 953 2724 χρή
980 2661 1011 2702 τι
1043 2639 1120 2727 περὶ

106 2734 218 2805 αὐτῶν
247 2743 367 2824 ζητεῖν,
400 2741 433 2819 ἐς
460 2739 552 2819 τέλος
580 2738 618 2807 δὲ
648 2741 704 2807 καὶ
733 2737 842 2830 ώσπερ
874 2740 1030 2832 κορυφὴν
1057 2745 1121 2812 τοῦ

70 2843 296 2930 Οπράγματος
328 2841 384 2911 διά
415 2847 473 2932 τῆς
505 2846 651 2925 σκέψεως
682 2841 794 2935 εὑρών
824 2854 1023 2936 πορευθείη,
1056 2846 1120 2918 οὐκ
1133 2875 1155 2915 τε

106 2954 200 3016 αἰδοῖ
224 2951 279 3017 καὶ
307 2955 414 3018 πίστει
441 2953 568 3038 μᾶλλον
596 2948 769 3040 άλλοτρίας
797 2953 896 3040 δόξης
923 2949 942 3041 η’
970 2957 1010 3042 τῇ
1038 2975 1119 3043 σφε·

105 3056 183 3145 τέρᾳ
215 3053 298 3123 κατὰ
329 3059 415 3125 νοῦν
443 3060 601 3148 ἐνεργείᾳ.
645 3064 681 3126 τί
710 3049 774 3126 οὖν
801 3057 893 3127 εἷναί
916 3087 1041 3148 φαμεν,
1076 3057 1121 3144 ώς

136 3323 339 3412 ,βδκολάβη
357 3331 393 3400 Η]
412 3326 555 3401 ὑπολάβοι
589 3397 596 3413 t
644 3339 674 3387 12
698 3328 713 3403 ἢ
734 3338 883 3403 adjecitH
971 3343 1002 3393 15
1026 3333 1117 3412 αότδι]

21 3410 25 3414 ·
105 3416 198 3483 αητας
220 3401 263 3481 Η,
334 3404 365 3452 19
386 3398 486 3484 μόνωη
500 3401 534 3470 V]
559 3421 649 3469 μονον
735 3408 768 3456 20
790 3398 939 3488 ἐσομένης]
962 3409 1019 3461 Aut
1055 3427 1120 3463 ενο-

104 3469 380 3601 ηιέηηεςτέεηεηὼειιδυω
398 3477 447 3522 aut
469 3488 506 3522 αν
526 3472 671 3523 delendum
757 3475 790 3526 26
812 3493 846 3543 τη
865 3471 991 3550 σφετέρᾳ
1009 3426 1052 3544 H}
1066 3478 1120 3547 τῆς
