2392 3960
98 140 162 206 548
400 144 544 196 ιοιιιατ
561 146 807 198 ιανειιλτοειε

99 283 226 347 κοινῶν
262 280 396 360 ἀταξίας
432 284 531 366 δίκην
566 285 692 367 τίσητε,
729 282 817 367 ξίφει
848 283 906 351 καὶ
937 288 1034 374 φυγῇ
1063 284 1111 351 καί

100 385 181 473 πυρὶ
206 387 432 485 ζημιωθέντες.

61 575 84 628 Β
460 563 523 651 μῦ.
569 570 756 655 Λιβανίςο.

182 684 275 774 ’Ἀρτι
300 713 358 774 μοι
380 689 582 777 παυσαμένῳ
605 691 663 775 τῆς
685 693 828 776 χαλεπῆς
849 689 940 759 πάνυ
962 690 1022 759 καὶ
1043 715 1113 819 τρα-

102 799 191 879 χειάς
218 792 324 861 νόσου
351 797 391 882 τῇ
419 799 480 861 τοῦ
502 795 610 862 πάντα
634 794 826 882 ἐφορῶντος
848 800 995 887 προνοίᾳ
1016 794 1129 883 χράμσ

101 924 187 985 ματα
225 903 272 977 είς
307 912 419 986 χεῖρας
454 891 560 986 ἦλθεν
597 898 755 989 ὑμέτερα,
790 898 870 969 καθ’
909 898 955 989 ἣν
992 898 1114 990 ἡμέραν

101 1009 234 1093 πρῶτον
263 1004 461 1093 ἐλουσάμην.
506 1011 618 1093 δείλης
645 1003 710 1092 ἤδη
738 1009 842 1074 ταῦτα
863 1003 1038 1094 ἀναγνοὺς
1059 1004 1114 1077 οῦκ

62 1120 82 1174 G
102 1107 145 1178 ἀν
163 1120 269 1190 είποις
287 1114 411 1202 ῥᾳδίως
430 1111 519 1192 ὅπως
538 1110 771 1202 ίρρωννῦμην,
794 1112 1047 1203 αἰσθανόμενος
1061 1116 1114 1201 τῆς

101 1221 162 1304 σῦς
188 1214 398 1305 ἀκραιφνοῦς
420 1218 476 1285 καλ
499 1223 652 1305 καθαρᾶς
674 1215 823 1304 εὐνοίας,
851 1211 893 1307 ἧς
916 1228 992 1291 είθε
1012 1226 1112 1309 χενοί·

100 1350 168 1410 μην
196 1322 304 1408 ἀξιος,
336 1320 381 1403 ῶς
407 1319 451 1390 ἀν
473 1322 519 1411 μὴ
542 1323 799 1412 καταισχύναιμι
819 1323 884 1413 τὴν
906 1324 973 1413 σὴν
994 1332 1109 1415 φιλίαν.
1118 1346 1135 1385 1·

101 1428 160 1508 τὰς
182 1429 244 1516 μὲν
268 1421 331 1497 οῦν
355 1426 513 1516 ὑμετέρας
536 1430 710 1510 ἐπιστολὰς
732 1428 838 1511 εὐθὺς
859 1427 1028 1519 ἀνέγνων,
1048 1437 1107 1501 καί

101 1560 162 1623 περ
192 1532 233 1602 οὐ
263 1535 395 1622 σφόδρα
421 1538 521 1604 τοῦτο
549 1551 659 1604 ποιεῖν
682 1537 886 1625 δυνάμενος,
917 1536 981 1618 τὰς
1001 1538 1039 1609 θλ
1056 1541 1106 1607 τοῦ
1146 1568 1148 1629 5

99 1638 281 1709 Ἀντωνίου
312 1640 396 1729 πρὸς
425 1641 486 1711 τὸν
515 1640 735 1731 Ἀλέξανδρον
766 1648 814 1723 είς
844 1642 908 1730 τὴν
938 1640 1103 1733 ὑστεραίαν
1146 1642 1148 1655 '

102 1747 356 1835 ε’ταμιευσάμην.
409 1751 540 1816 ἐκεῖθεν
577 1748 701 1837 ἕβδόμῃ
739 1768 793 1818 σοι
828 1751 934 1818 ταῦτα
969 1754 1106 1839 ἔγραφον

102 1852 221 1945 ἡμέρα,
251 1855 334 1924 κατὰ
357 1855 461 1941 λόχον
483 1882 541 1941 μοι
563 1865 621 1942 τῆς
643 1854 777 1942 ρῶσεως
798 1854 1041 1945 προχωρούσης
1059 1852 1134 1925 ίιίιῑὸ

57 1967 82 2021 D
102 1960 163 2049 τὴν
191 1967 253 2030 τοῦ
276 1966 362 2031 θεοῦ
384 1960 606 2048 προμήθειαν.
651 1961 772 2044 σῶζοιό
794 1988 869 2049 μοι,
900 1964 1110 2035 ποθεινότατε

102 2069 157 2135 καλ
185 2068 383 2155 φιλικῶτατε
408 2064 535 2152 ἀδελφέ
557 2072 580 2152 [,
603 2064 668 2135 ὑπὸ
692 2071 754 2153 τοῦ
775 2066 816 2135 τὰ
838 2066 949 2135 πάντα
972 2072 1112 2161 ἐφορῶν-

68 2198 94 2238 ει
107 2200 164 2253 τος
186 2178 286 2242 θεοῦ·
311 2178 420 2260 ίὸοιμί
440 2192 490 2261 σε,
514 2170 596 2258 ἐμὸν
618 2168 762 2258 ἀγαθόν.
780 2213 823 2223 -
845 2174 903 2241 καὶ
926 2176 1000 2267 ἰδίᾳ
1020 2184 1112 2265 χειρί·

103 2278 145 2365 νὴ
170 2279 233 2366 τὴν
256 2278 349 2369 (σὴν)
378 2285 546 2367 σωτηρίαν
569 2279 624 2346 καί
647 2277 709 2366 τὴν
733 2279 831 2369 ἐμήν,
860 2278 904 2367 νὴ
927 2279 993 2351 τὸν
1012 2282 1114 2355 πάντα

103 2390 276 2474 ἐφορῶντα
299 2385 393 2473 θεόν,
416 2383 462 2464 ῶς
483 2388 600 2472 φρονῶ
619 2385 779 2473 γέγραφα.
811 2383 1021 2477 ἀμαθῶνατε,
1041 2388 1136 2459 κόνει

104 2513 141 2560 σε
170 2496 231 2560 mm
260 2492 315 2559 καὶ
342 2491 585 2579 περιλάβωμαι;
622 2494 688 2558 νῦν
715 2489 779 2580 χάρ
806 2511 871 2563 σου
891 2495 950 2563 καὶ
970 2493 1114 2585 τοῦνομ

101 2601 253 2683 καθάπερ
278 2602 313 2666 οί
333 2598 517 2686 δυσέρωτες
539 2601 649 2684 φιλῶ]

51 2786 103 2833 425
474 2774 533 2861 μέ.
580 2773 744 2861 Ζήνωνι.

193 2897 310 2968 Πολλά
333 2897 395 2986 μὲν
417 2900 472 2965 καὶ
496 2897 580 2966 ἀλλα
603 2918 657 2966 σοι
679 2912 843 2987 μαρτυρεῖ
861 2898 917 2967 καί
938 2904 1001 2989 τῆς
1018 2906 1115 2989 ἰατρι-

102 3012 162 3094 κῆς
185 3009 302 3093 τέχνης
325 3009 372 3084 είς
394 3003 435 3072 τά
456 3008 569 3092 πρῶτα
592 3001 746 3091 ἀνήκειν,
763 3005 819 3072 καὶ
842 3004 953 3094 ἤθους
973 3008 1032 3077 καὶ
1054 3008 1114 3077 ὲν-

174 3162 186 3209 1
207 3150 342 3223 ἀταξίας]
371 3151 509 3222 εὐταξίας
527 3156 573 3209 vel
590 3149 664 3223 ὑπὲρ
682 3156 740 3208 τῶν
757 3154 865 3210 κοινῶν
882 3154 935 3225 τῆς
951 3152 1114 3227 &ailad

102 3227 234 3294 3Λιβαν
238 3224 281 3296 ίῳ]
306 3226 422 3294 Πρίσκῳ
446 3229 509 3278 Bar
530 3227 650 3278 fortasse
667 3231 742 3276 reete
821 3228 921 3279 4et⁶
950 3226 1114 3297 „cmm-

102 3298 171 3347 Nam
189 3296 222 3346 de
241 3284 333 3346 morbo
352 3296 407 3344 cito
424 3299 452 3344 ot
463 3300 545 3345 acuto
557 3298 709 3370 usurpatur
718 3284 810 3356 ὀξεῖα,
826 3309 885 3346 non
896 3264 1031 3379 τοιχέῖιέ·ἒ
1052 3294 1115 3349 Ν

103 3364 220 3429 ταχείας
238 3380 256 3414 v
321 3353 465 3413 17-22
447 3355 506 3414 υπὸ
526 3362 623 3414 τοῦ-
636 3357 712 3440 φιλῶ
730 3360 790 3412 add
807 3360 872 3418 Bar.
879 3362 1114 3427 ‚uncisoimn-

103 3434 188 3509 sepsit
207 3431 322 3508 Spanh„
342 3429 448 3493 abjecit
466 3430 551 3481 Hrch.
621 3430 653 3480 19
672 3420 727 3494 τὴν
744 3427 804 3484 add.
821 3428 884 3481 Pet.
936 3432 972 3487 2³
991 3424 1112 3499 Ζήνωνι]

103 3491 247 3565 ἀρχιητρῷ
266 3499 325 3550 add
345 3500 406 3548 Βμιτ
