2392 3960
331 135 539 190 covamM
559 135 775 202 (υιεειιιεε).
996 138 1058 205 431

41 263 127 356 μετὰ
153 265 190 336 τὸ
218 266 371 357 κήρυγμα
394 269 492 336 τοῦτο
513 261 530 335 6
559 264 622 353 μέν
646 262 860 357 Ἀλέξανδρος
886 273 958 338 έθει
975 266 1060 360 πρὸς

42 372 105 444 τὸν
134 369 310 464 Ἡρακλέα,
340 370 554 460 Ὀκταβιανὸς
586 371 624 440 δὲ
655 371 739 465 πρὸς
769 371 830 443 τὸν
858 371 1063 463 Ἀπόλλωνα,
1142 453 1145 458 ⁴

44 477 174 568 ἀμφοῖν
201 479 238 548 δέ
266 477 364 570 ἀπρὶξ
393 490 497 569 είχετο
523 481 587 548 τοῦ
609 479 695 561 Διὸς
721 482 778 549 καὶ
800 480 938 572 Κρόνου
961 482 1059 574 Μόρ-
1123 516 1127 525 ’

42 614 110 669 κος.
162 586 387 676 πλανώμενον
420 585 457 655 δὲ
493 583 599 656 πολλὰ
623 589 692 656 καὶ
727 590 963 679 περιτρέχοντα
999 588 1060 663 τὸν

41 698 199 783 Καίσαρα
231 693 430 781 κατελεήσας
462 688 480 761 ὁ
514 691 614 781 μέγας
633 689 735 784 ’Άρης
765 690 788 784 ή
818 720 854 764 τε
879 692 1063 787 Ἀφροδίτη,
1160 727 1161 730 ’

41 798 124 891 παρ’
159 799 300 882 ἑαυτούς
338 798 555 888 ε’καλεσάτην·
597 798 762 890 Τραϊανὸς
798 789 837 870 δὲ
871 801 963 893 παρά
998 802 1059 874 τὸν

39 904 260 995 Ἀλέξανδρον
287 912 359 976 ἔθει
387 902 432 988 ἀς
458 909 574 999 ἐκείνῳ
603 907 927 996 συγκαθεθούμενος.
969 906 987 978 ὁ
1016 910 1112 987 33336

42 1020 315 1101 Κωνσταντῖνος,
348 1010 410 1102 ούχ
439 1008 604 1104 εῦρίσκων
636 1015 674 1082 έν
700 1024 795 1095 θεοῖς
825 1017 887 1083 τοῦ
904 1021 993 1104 Ιβίου
1020 1015 1058 1086 τὸ

42 1117 250 1209 ἀρχέτυπον,
287 1119 435 1206 ἐγγύθεν
471 1116 534 1208 τήν
569 1116 711 1210 Τρυφήν
751 1116 897 1191 κιτιθῦν
919 1128 1060 1214 ,έδραμε

41 1225 126 1315 πρὸς
158 1224 276 1314 αύτήν·
318 1223 338 1314 ή
372 1226 408 1294 δέ
440 1220 660 1313 ὑπολαβοῦσα
695 1229 849 1315 μαλακῶς
880 1232 936 1297 καὶ
968 1254 1058 1321 περι-

41 1335 195 1420 βαλοῦσα
236 1347 305 1414 τοῖς
345 1332 463 1421 πήχεσι
503 1334 637 1414 πέπλοις
673 1359 707 1401 τε
748 1330 855 1402 αύτὸν
895 1341 1059 1418 ποικίλοις

42 1436 217 1528 ἀσκήσασα
244 1441 300 1507 καὶ
328 1444 563 1508 καλλωπίσασα
590 1437 674 1529 πρὸς
700 1437 762 1528 τήν
787 1436 948 1510 Ἀσωτίαν
975 1439 1058 1532 ἀπή-

41 1572 161 1632 γαγεν,
194 1550 251 1613 ἵνα
279 1546 335 1614 καὶ
366 1544 428 1614 τὸν
457 1542 589 1635 Ἰησοῦν
621 1541 731 1637 εὑρὼν
764 1543 1059 1638 ἀναστρεφόμενον
1112 1589 1116 1599 «

40 1654 98 1721 καὶ
136 1651 410 1740 προαγορεύοντα
447 1654 565 1738 πᾶσιν,
602 1648 730 1739 ,ξὈστις
767 1653 933 1744 φθορεύς,
967 1652 1058 1737 ὅστις

40 1757 234 1846 μιαιφόνος,
263 1755 352 1839 όστις
379 1756 500 1845 ἐναγής
526 1759 582 1827 καὶ
609 1757 787 1848 βδελυρός,
815 1767 873 1827 ίτοο
901 1764 1098 1852 θαρρῦν·Β

40 1860 208 1951 ἀποφανιό
233 1862 296 1952 γὰρ
325 1861 430 1932 αὐτὸν
453 1865 575 1956 τουτῳὶ
601 1866 647 1955 τῷ
667 1861 766 1938 ῦθατι
793 1865 917 1947 λούσας
935 1864 1056 1937 αὐτίκα

39 1971 206 2059 καθαρόν,
234 1966 298 2039 κάν
316 1971 418 2039 πόλιν
436 1977 551 2057 ἔνοχος
568 1983 640 2050 τοῖς
658 1966 772 2051 αὐτοῖς
790 1972 936 2059 γένηται,
955 1973 1055 2041 δεύσω

39 2075 79 2144 τὸ
123 2080 248 2165 στῆθος
287 2077 445 2165 πλήξαντι
485 2076 539 2144 καί
581 2072 645 2163 τήν
684 2074 835 2164 κεφαλήν
875 2077 1058 2160 πατάξαντι

39 2186 181 2274 καθαρῷ
209 2185 405 2270 γενέσθαιίί,
433 2181 567 2271 σφόδρα
599 2178 742 2271 ἀσμενος
774 2185 927 2271 ἐνέτυχεν
954 2181 1056 2279 αύτῷ,

40 2288 280 2375 συνεξαγαγών
316 2294 374 2379 τῆς
409 2292 478 2358 τόν
515 2290 608 2357 θειῦν
644 2285 770 2380 ἀγορᾶς
809 2287 890 2370 τοῦς
924 2295 1057 2374 παῖδας.

40 2397 215 2486 ἐπέτριβον
257 2392 288 2463 δ’
328 2392 432 2464 αύτόν
472 2421 507 2464 τε
542 2391 719 2476 κάκείνους
755 2391 817 2483 ούχ
857 2386 957 2483 ήττον
997 2400 1057 2485 τής

39 2499 224 2590 ἀθεότητος
244 2506 279 2572 οί
303 2512 507 2591 παλαμναλοι
525 2507 692 2591 δαίμονες,
711 2501 861 2632 αίμάτων
879 2505 1057 2590 συγγενῶν

37 2609 234 2696 τιννύμενοι
262 2611 416 2696 δίκας,”
395 2636 458 2690 ειος
485 2604 610 2689 όΖεῦς
637 2605 694 2676 3ιά
720 2606 781 2677 τὸν
799 2607 972 2679 Κλαύδιον
999 2611 1057 2679 καὶ
1113 2676 1115 2681 ,

127 2778 140 2825 1
165 2771 247 2843 μετὰ]
266 2778 333 2827 Post
350 2777 403 2828 hoc
421 2773 614 2828 vocabulum
606 2791 635 2825 m
651 2777 678 2828 V
696 2779 740 2826 est
761 2775 863 2859 laguna
885 2775 977 2827 decem
1000 2777 1059 2828 fere

38 2859 177 2924 versuum,
197 2849 253 2893 tum
271 2844 497 2910 perg1t336Bur
515 2832 715 2910 ssaessvqafiovo’
736 2836 826 2895 αῦτόν
893 2835 1058 2904 δέοιντοῦς

37 2902 119 2977 H]
105 2915 219 2970 εαυτοις
288 2914 320 2962 10
342 2909 537 2989 περιλαβοῦσα
554 2912 625 2977 Aug.
695 2913 726 2960 12
749 2910 954 2963 καλλωπίσασα
972 2908 1057 2978 Aug]

37 2971 207 3030 καλλύπισα
225 2982 263 3043 M,
283 2970 494 3044 καλλυπήσαοα
511 2995 529 3031 v
610 2979 642 3029 13
659 2978 753 3029 Verba
772 2977 823 3030 ἵνα
840 2975 891 3030 καλ
910 2981 945 3029 τό
962 2995 1004 3030 νε.
1024 2981 1056 3030 19
1107 3002 1109 3006 “

37 3040 183 3112 γενέσθαι
205 3047 336 3125 degunt·
328 3063 358 3097 m
379 3048 484 3101 MBav.
495 3045 562 3097 Pad
594 3043 599 3108 Ι
628 3037 758 3123 Ἰησοῦν]
788 3049 818 3096 ῖν
839 3046 924 3126 Aug„
951 3041 1017 3098 υίόν
1039 3061 1058 3096 v

38 3117 73 3165 14
94 3106 336 3181 προαγορεύοντα
350 3111 434 3194 Aug]
457 3103 710 3194 προσαγορεύοντα
796 3115 829 3164 15
852 3104 959 3180 εῦαγής
983 3118 1058 3164 eant

37 3187 96 3260 pet.
106 3180 164 3261 (In
182 3183 251 3249 Aug.
270 3174 388 3249 ἐναγὴς
411 3196 466 3232 non
484 3173 592 3247 εῦιιγὴς
614 3179 725 3232 videtur
743 3181 815 3242 εεεο)
902 3183 934 3232 16
951 3176 1056 3233 τουτυλ
1124 3227 1125 3231 ,

37 3267 78 3318 τῳ
101 3239 206 3316 λεια]
238 3250 280 3301 οι
298 3250 398 3302 lanan
423 3248 504 3315 apud
527 3247 623 3312 cyrill
649 3248 704 3300 v11
725 3246 840 3299 οιτον
926 3251 957 3299 ιο
982 3241 1014 3328 ε,
1022 3231 1057 3298 οε

36 3301 124 3382 vulgo
142 3327 206 3398 τιμε
225 3310 339 3382 σφόδρα
357 3318 434 3368 addit
423 3322 480 3367 tum
499 3331 560 3366 oum
549 3263 741 3396 yrAuguatano
760 3314 911 3380 abjecimus
937 3315 942 3380 Ι
974 3307 1055 3382 αύτῷ

36 3381 121 3450 Aug.]
142 3377 213 3450 αὐτῇ
294 3380 380 3437 213’
401 3375 490 3438 αὐτόν
507 3378 545 3449 V]
565 3377 599 3434 δὲ
617 3375 716 3435 αῦτόν.
750 3383 817 3435 Post
834 3383 905 3434 haee
921 3382 1035 3433 verba
1027 3396 1057 3432 m

36 3455 63 3503 V
82 3458 127 3502 est
145 3452 245 3504 lacuna
268 3458 329 3504 octo
349 3454 408 3514 fere
430 3452 596 3515 litterarum,
615 3455 674 3502 tum
690 3465 720 3502 εε
740 3451 816 3502 uitur
833 3442 871 3510 τός
889 3447 987 3501 αίτιοτ
1002 3448 1065 3514 τῆς·

36 3514 211 3586 ἀθεότητος
247 3521 315 3571 Cum
333 3521 362 3570 M
379 3536 410 3572 τε
428 3525 493 3571 ante
512 3489 666 3579 κάκείνους
684 3466 778 3569 τᾶῦὶᾱὶ
