2392 3960
511 183 646 234 ORATIO
664 185 686 237 1.
1065 181 1107 246 53

90 331 193 400 μασιν
221 316 341 398 ἔνοχον
367 311 424 378 καὶ
452 309 579 398 φόνοις.
619 312 676 398 τής
703 312 914 400 παρασκευῆς
941 309 978 378 δὲ
1006 306 1109 398 αὐτής

89 413 110 506 ή
138 417 330 509 λαμπρότης
361 417 417 485 καὶ
444 420 513 485 τῶν
542 413 769 504 ἀναλωμάτων
796 415 833 485 τὸ
862 418 1006 504 μέγεθος
1032 423 1108 485 τίνα

91 520 154 612 οὐχ
183 521 303 592 ίκανὸν
331 525 502 611 έκπλήξαι;
529 528 638 592 καίτοι
666 523 792 612 Ξέρξην
819 522 880 610 μὲν
908 520 1019 592 άκούω
1047 520 1108 592 τὸν

88 628 153 718 τήν
178 626 292 698 Ἀσίαν
320 630 373 698 ἐπὶ
400 628 479 710 τοὺς
497 627 661 718 Ἕλληνας
688 629 956 717 ε’ξαυαστήσαντα
983 629 1108 719 χρόνον

65 737 175 806 σίτων
204 732 266 804 οὐκ
298 735 463 806 ἐλάσσονα
495 738 576 805 δέκα
603 735 686 824 πρὸς
717 735 777 805 τὸν
805 735 951 824 πόλεμον
980 739 1109 805 ἐκεῖνον

89 841 418 932 παρασκευάζεσθαι,
451 839 521 911 εἶτα
554 845 734 929 ἐπαγαγεῖν
765 840 849 930 πρὸς
885 857 957 923 ταῖς
989 848 1109 930 χιλίαις

90 948 242 1038 τριήρεσι
269 952 444 1030 διακοσίας
471 951 507 1017 ἐκ
530 947 659 1018 τούτων
687 945 800 1016 αὐτῶν
828 946 920 1036 οἶμαι
947 951 1016 1016 τῶν
1044 975 1106 1036 χω-
1126 963 1152 1016 D

90 1061 186 1144 ρίων,
214 1057 248 1136 ἐξ
276 1046 324 1123 ὧν
353 1051 454 1135 αὐτὸς
482 1057 518 1123 ἐν
538 1053 618 1124 οὐδὲ
645 1052 736 1136 ὅλοις
762 1056 843 1142 μησί
872 1056 951 1124 δέκα
978 1080 1108 1144 ναυπη-

90 1161 279 1249 γησάμενος
305 1158 440 1250 ἤγειρας
467 1160 527 1231 τὸν
555 1161 686 1247 στόλον,
713 1161 836 1249 πλήθει
862 1163 951 1230 νεῶν
978 1163 1108 1230 ἐκεῖνον

53 1263 393 1356 ιοὺπερβαλλόμενος·
425 1270 464 1357 τή
496 1267 579 1356 τόχη
612 1267 650 1335 δὲ
682 1265 763 1336 οὐδὲ
796 1265 891 1348 άξιον
924 1275 1107 1355 συμβαλεῖν

90 1370 172 1442 οὐδὲ
199 1388 270 1454 τοῖς
298 1379 415 1463 ἔργοις.
456 1372 518 1461 τήν
545 1373 583 1443 δὲ
611 1380 658 1455 είς
685 1372 725 1442 τά
758 1372 857 1442 λοιπά
886 1375 1107 1462 δαπανήματα

89 1482 375 1568 μεγαλοπρέπειαν
402 1478 446 1567 μή
465 1479 552 1549 πολὺ
579 1486 656 1548 λίαν
676 1486 775 1570 ἔργον
802 1471 823 1569 ᾖ
848 1480 997 1570 φράζειν,
1026 1477 1108 1550 οὐδὲ

89 1581 200 1655 ὁπόσα
227 1600 300 1666 ταῖς
317 1586 433 1654 πόλεσι
452 1587 553 1655 πάλαι
581 1589 795 1674 στερομέναις
821 1583 1004 1667 άπεδίδους
1023 1583 1107 1655 άπα-

89 1691 317 1781 ρνδμοάμενος
349 1692 516 1780 ἐνοχλήσω
548 1692 589 1760 τά
621 1696 696 1761 νῦν.
741 1696 924 1762 πλουτοῦσι
951 1692 1011 1781 μὲν
1043 1691 1107 1782 γὰρ
1126 1704 1160 1753 43

51 1795 218 1869 ιιάπασαι
250 1796 307 1866 διὰ
340 1798 377 1866 σὲ
410 1796 495 1888 (διά)
528 1802 596 1867 τῶν
628 1806 820 1889 ἔμπροσθεν
852 1801 977 1880 ἐνδεεῖς
1009 1791 1109 1868 οὖσαι

88 1905 147 1973 καὶ
175 1906 243 1972 τῶν
271 1901 477 1992 ἀναγκαίων,
505 1907 679 1974 ἐπιδίδωσι
707 1904 744 1973 δὲ
762 1909 831 1974 των
851 1911 950 1975 ἰδίων
973 1907 1110 1987 ἕκαστος

89 2019 195 2079 οίκων
222 2008 279 2078 διά
307 2008 366 2092 τὰς
396 2009 511 2092 κοινάς
539 2014 607 2079 των
639 2011 770 2080 πόλεων
798 2009 978 2100 εὐετηρίας.
1024 2009 1107 2080 άλλά

87 2119 159 2185 τῶν
187 2120 235 2196 είς
261 2116 341 2198 τοὺς
361 2116 494 2199 ἰδιώτας
513 2115 607 2199 άξιον
631 2119 767 2207 δωρεῶν
787 2120 989 2205 μεμυῆσθαι,
1017 2120 1107 2187 ἐλευ-

88 2221 211 2312 θέριόν
239 2242 276 2291 σε
298 2224 355 2292 καὶ
373 2223 611 2312 μεγαλόδωρον
639 2224 776 2311 βασιλέα
803 2224 1108 2313 προσαγορεύοντα,

49 2323 129 2409 τοδς
155 2336 290 2410 πολλοῖς
317 2328 379 2417 μέν
397 2332 608 2420 στερομένοις
626 2330 727 2399 πάλαι
754 2332 822 2397 τῶν
845 2325 959 2399 αὑτῶν
984 2330 1107 2418 κτημά-

87 2460 174 2521 των,
206 2438 267 2503 τοῦ
293 2435 451 2527 πατρῴου
478 2436 605 2526 κλήρου
638 2439 797 2527 συμφορᾷ
824 2437 1108 2526 περιπεπτωκότος

88 2542 128 2609 ἐν
156 2544 233 2629 δίκη
261 2543 317 2609 καὶ
344 2540 434 2633 παρὰ
461 2548 571 2630 δίκην,
599 2541 712 2631 ἐπειδή
740 2546 875 2632 πρῶτον
902 2545 1021 2631 έγένου
1048 2543 1115 2619 κά,

89 2673 176 2736 ριος,
212 2662 282 2729 τοῖς
317 2647 380 2735 μέν
399 2649 567 2740 καθάπερ
604 2647 761 2737 δικαστής
799 2647 929 2736 ἀγαθὸς
965 2649 1006 2718 τά
1037 2653 1147 2718 τῶνΒ

88 2758 284 2842 ἔμπροσθεν
312 2750 528 2845 ἁμαρτήματα
556 2755 829 2846 διορθωσάμενος
855 2762 995 2846 κυρίους
1022 2755 1109 2826 εἶναι

51 2862 149 2948 ιιτής
175 2854 289 2929 αὐτῶν
316 2857 434 2943 οὐσίας
461 2864 636 2951 παρέσχες,
663 2877 732 2943 τοῖς
761 2862 799 2930 δὲ
826 2861 969 2950 ἐπιεικής
995 2861 1109 2955 κριτής

135 3086 242 3164 Ι(ῖοῖῖ
265 3076 338 3149 πρός
360 3089 426 3144 ταῖς
448 3085 555 3168 χχλίαις
576 3077 715 3170 τριήρεσιἱ
726 3084 879 3146 διακοσίας
896 3086 931 3153 V]
954 3085 1108 3172 §tanqam

88 3166 165 3285 3223
180 3167 343 3270 '22325135022
376 3151 738 3287 ⁹54²”32‘3073233353
756 3154 1108 3289 {5324201232ff’3}⁶‘⁶⁰²1’{

89 3279 141 3337 διὰ
164 3280 196 3338 σὲ
214 3278 359 3351 ΙῚΜΙδιά
382 3302 413 3340 σε
433 3287 438 3351 Ι
459 3281 509 3339 διά
533 3288 590 3339 τῶν
612 3287 711 3355 wytt.]
734 3288 791 3340 τῶν
809 3290 841 3351 V,
865 3285 916 3341 τὸν
941 3308 960 3341 v
1029 3292 1060 3339 16
1079 3284 1107 3340 δ’

88 3344 120 3405 ἔτι
138 3352 195 3405 τῶν
214 3349 299 3406 ἰδίων
317 3355 385 3406 Rsk.
408 3357 446 3407 At
464 3357 501 3411 cf.
519 3357 605 3408 Isocr.
622 3359 647 3420 4,
667 3359 716 3408 103
785 3359 819 3409 20
838 3345 882 3437 ὃς]
902 3346 952 3416 οδς
970 3360 995 3408 V
1014 3354 1020 3423 Ι
1037 3357 1108 3407 πολ-

89 3420 151 3481 λοῖς
177 3414 232 3487 μέν
260 3418 441 3489 στερομένοις
468 3424 536 3476 Rsk.
565 3429 594 3477 et
620 3420 746 3491 Βουτοῖ]
774 3425 902 3483 πολλονς
929 3419 984 3490 μὲν
1013 3438 1107 3488 στερο-

88 3483 201 3622 ma
224 3486 231 3555 Ι
259 3480 356 3543 αότιόν
377 3491 437 3541 VM
505 3493 538 3542 22
571 3485 671 3559 κόριος
697 3508 749 3543 om.
772 3494 797 3542 V
877 3493 911 3542 24
934 3490 1051 3557 κυρίους
1070 3488 1106 3558 V]
