2392 3960
436 175 640 226 EPISTOLAE
658 177 700 228 ιο.
719 179 758 228 εο.
1043 179 1107 244 555

88 309 129 376 δὲ
153 311 268 395 μηδεὶς
291 309 402 378 αύτῦν
426 319 504 380 είσω
527 310 742 400 στρατιώτης,
770 313 901 382 ἑπέσθω
926 314 963 382 δὲ
986 313 1003 384 ὁ
1028 322 1106 402 βου-

87 415 247 502 λόμενος·
286 416 353 504 ἅμα
381 416 445 505 γὰρ
473 423 519 498 είς
546 418 607 487 τὸν
631 417 735 487 ούδὸν
757 410 843 507 ἦλθε
866 410 927 489 τοῦ
948 422 1106 508 τεμένους

87 522 148 589 καὶ
180 523 318 609 γέγονεν
351 524 493 613 ι’διτότης.
538 523 648 612 ἀρχεις
680 524 744 613 γὰρ
772 523 889 612 αύτός,
921 524 965 606 ὡς
993 527 1149 614 οἷσθα,Ι)

86 631 160 695 τοῖν
191 635 307 717 ἔνδον,
340 631 409 699 ἐπεὶ
439 633 494 699 καὶ
522 629 540 699 ό
568 641 663 712 θεῖος
689 636 793 700 ταῦτα
820 631 952 700 ἀπαιτεῖ
971 634 1107 721 θεσμός.

56 734 147 801 εκαλ
176 740 212 802 οἱ
235 737 296 824 μὲν
324 736 521 824 πειθόμενοι
543 737 626 806 κατ’δι
648 735 814 825 ἀλήθειάν
837 742 901 806 είσι
924 747 1105 827 θεοσεβεῖς,

88 843 128 908 οί
158 841 195 908 δὲ
227 840 441 929 ἀντεχόμενοι
472 846 534 910 τοῦ
565 842 676 930 τύφου
710 843 887 926 δοξοκόποι
921 847 1012 930 [εἰσὶ]
1050 850 1105 915 καὶ

87 947 272 1029 κενόδοξοι.

134 1050 160 1138 s
185 1058 231 1142 Τῇ
263 1059 488 1125 Πεσσινοῦντι
525 1061 667 1142 βοηθεῖν
702 1056 833 1144 ἕτοιμός
865 1061 946 1143 είμι,
983 1063 1014 1125 εί
1043 1059 1106 1146 τὴν

89 1160 215 1249 μητέρα
238 1165 305 1229 των
329 1166 422 1229 θεων
445 1166 544 1229 ἵλεων
567 1161 832 1249 καταστήσουσιν
855 1163 998 1244 ἑαυτοῖς·
1029 1164 1104 1252 ἀμε-

36 1292 73 1330 10
88 1271 229 1346 λοῦντες
256 1267 293 1335 δὲ
321 1266 422 1356 αὐτῆς
450 1266 511 1336 οὐκ
538 1266 699 1356 ἀμεμπτοι
722 1268 844 1356 μόνον,
877 1267 961 1339 ἀλλά
984 1270 1105 1359 πικρὸν

89 1379 198 1441 εἰπεῖν
220 1374 264 1461 μὴ
288 1376 423 1462 καὶτῆς
446 1373 523 1463 παρ’
549 1373 645 1462 ἡμῶν
665 1372 879 1443 ἀπολαύσωσι
898 1379 1104 1463 δυσμενείας.

137 1477 188 1547 Ού
210 1480 273 1567 γάρ
297 1507 353 1567 μοι
377 1482 476 1566 θέμις
498 1481 566 1547 ἐστὶ
589 1471 762 1569 κομιζέμεν
785 1478 858 1550 οὐδ’
885 1482 1047 1570 έλεαίρειν
1105 1501 1156 1549 432

133 1583 281 1673 ’Λνέρας,
306 1590 341 1653 οἵ
361 1611 397 1652 κε
420 1595 554 1654 θεοῖσιν
577 1586 763 1674 ἀπέχθωντ’
790 1586 1021 1657 ἀθανάτοισιν.

88 1700 188 1759 πεδθε
219 1697 337 1759 τοίνυν
369 1689 507 1776 αύτούς,
540 1696 571 1759 εί
591 1691 658 1779 ’τῆς
684 1691 763 1780 παρ’
794 1693 877 1780 ἐμοῦ
903 1698 1104 1781 κηδεμονίας
1117 1720 1143 1758 οο

40 1829 74 1869 15
90 1795 301 1883 ἀντέχονται,
334 1799 500 1885 πανδημεὶ
532 1801 590 1885 τῆς
621 1797 744 1884 μητρδς
774 1802 843 1866 νῦν
873 1803 966 1867 θεῶν
998 1801 1105 1880 ἱκέτας

89 1906 258 1991 γενέσθαι.
334 1949 339 1958 «
374 1909 376 1912 ’

150 2062 188 2130 ν’.
213 2061 432 2143 Ἰουλιανὸς
452 2061 630 2154 Ἐκδικίμ
655 2063 806 2154 ἐπάρχῳ
830 2063 1045 2151 Αίγύπτου.
1122 2069 1145 2122 Β

145 2177 150 2186 ’
176 2185 221 2252 Ἡ
243 2186 304 2273 μὲν
332 2194 492 2275 παροιμία
519 2194 625 2275 φησίν
647 2188 749 2276 ,ἐμοὶ
777 2187 820 2256 σῦ
848 2192 959 2275 διηγεῖ
977 2185 1105 2275 τοῦμὸν

89 2293 214 2379 όναρίι,
251 2293 314 2382 ἐγὼ
348 2293 378 2362 δ’
410 2300 501 2362 ἔοικα
533 2297 587 2363 σοὶ
619 2293 656 2362 τὸ
685 2293 747 2364 σὸν
774 2293 863 2383 ῦπαρ
892 2293 1104 2382 ἀφηγεῖσθαι.

42 2434 74 2472 το
89 2400 208 2484 πολύς,
241 2407 361 2487 φασίν,
379 2395 410 2468 Ιό
435 2408 558 2480 Νεῖλος
585 2399 890 2488 ἀρθεδςμετέωρος
917 2413 987 2479 τοῖς
1008 2400 1103 2488 πήχε-

90 2528 148 2573 σιν
182 2508 350 2595 ἐπλήρωσε
381 2510 492 2574 πάσαυ
524 2505 586 2594 τὴν
613 2517 800 2594 Αἴγυπτον·
838 2513 869 2575 εί
897 2507 934 2576 δέ
961 2507 1016 2574 καὶ
1043 2505 1104 2575 τδν

90 2610 239 2699 ἀριθμὸν
264 2612 404 2680 ἀκοῦσαι
428 2621 559 2699 ποθεῖς,
583 2618 630 2692 είς
652 2612 715 2701 τὴν
737 2611 853 2682 είκάδα
875 2617 936 2682 τοῦ
960 2619 1104 2701 Σεπτεμ-

89 2725 191 2807 βρίου
214 2721 284 2808 τρὶς
306 2722 412 2787 πέντε.
449 2717 568 2806 μηνύει
592 2719 755 2790 δὲταῦτα
777 2719 943 2806 Θεόφιλος
966 2717 983 2788 ὁ
1008 2738 1103 2807 στρα-

88 2825 304 2913 τοπεδάρχης.
354 2830 385 2892 εί
414 2831 531 2893 τοίνυν
563 2823 732 2912 ἠγνόησας
764 2823 863 2910 αύτό,
899 2823 977 2915 παρ’
1009 2822 1143 2913 ἡμῦυθ

46 2963 75 3003 ετ
91 2932 227 3003 ἀκούων
251 2919 446 3017 εύφραίνουζ

159 3124 176 3171 4
199 3123 282 3178 θεῖος
301 3117 579 3194 ὃοποωεουεῇθεοῑς
647 3121 663 3169 5
687 3114 743 3170 stol
761 3118 1002 3194 delevitfiintenis
1072 3121 1103 3169 12

91 3191 193 3252 odyss.
211 3205 241 3251 κ,
262 3186 313 3251 731
341 3175 406 3238 οὐδ’
427 3175 502 3252 HM
575 3190 606 3238 13
624 3176 730 3250 ἀνέρας
748 3185 846 3254 Hrch.]
867 3186 996 3252 ανδραςΙ
1024 3184 1058 3237 οἴ
1071 3202 1102 3238 κε

91 3254 174 3323 Cob.]
196 3253 224 3307 οἳ
241 3253 291 3307 καλ
307 3262 311 3318 Ι
326 3255 410 3313 θεοῖς
428 3261 508 3305 mart.
527 3259 580 3320 pet.
627 3256 727 3306 18-19
744 3246 1038 3320 ἐμοὶ-ἀφηγεῖσθαι
1057 3255 1104 3304 eit.

92 3325 192 3376 Suidas
210 3341 235 3373 v.
249 3313 325 3388 ῦπαρ
346 3326 377 3374 18
391 3313 425 3373 οῦ
439 3320 469 3372 δι
489 3319 627 3406 γεῑῦο5.]
643 3313 677 3373 τῦ
691 3313 908 3402 διήγειῗπιοττ,
928 3314 962 3373 οῦ
976 3321 1026 3387 διη
1047 3318 1104 3398 ην,

91 3388 199 3458 διηγοῦ
219 3384 253 3442 οῦ
272 3390 344 3441 Suid.
416 3392 448 3441 19
471 3340 490 3440 δ
521 3385 607 3455 Suid.]
628 3383 661 3440 δὲ
691 3387 696 3453 Ι
723 3386 805 3442 ἔοικα
823 3387 868 3442 σοὶ
885 3386 1001 3455 Vmart]
1023 3336 1104 3439 έοικα

91 3476 137 3511 σοι
154 3476 186 3523 v,
206 3474 251 3510 σοι
270 3474 321 3513 om.
339 3457 415 3512 Suid.
455 3461 488 3508 20
505 3456 596 3522 φασίν
613 3455 713 3523 Hreh]
733 3456 824 3524 φησίν
857 3459 890 3507 22
910 3461 937 3508 ελ
955 3459 988 3507 23
1006 3472 1104 3509 σεπτε·

55 3575 58 3580 ,
90 3527 175 3595 θρίου
193 3529 300 3578 Vmart.
