2392 3960
445 123 663 176 PRAEFATIO.
875 81 883 95 ·
1019 137 1068 182 vn

121 264 173 344 10)
198 261 307 326 Codex
324 260 498 324 Parisinus
512 258 606 341 2832,
628 260 733 322 forma
756 259 959 341 octuplicata,
983 257 1070 321 char·

54 353 177 430 tacens,
194 346 313 410 saeculi
328 343 417 423 XVI,
442 343 604 419 Caesares,
620 342 784 426 Epistolas
799 342 926 426 viginti,
943 342 1072 405 Oratio-

53 431 168 498 nemII
175 433 321 494 mutilam
329 426 498 514 (vid.p.VI
507 427 617 511 1013)
624 428 805 490 continens.
819 426 961 491 Collatus
974 430 1023 489 est
1036 427 1072 488 in

55 517 251 583 Caesaribus
272 536 372 597 usque
395 512 435 575 ad
457 535 489 595 p.
504 510 611 578 3310.
639 511 831 579 Aecuratius
845 511 932 574 hunc
955 511 1071 574 librum

54 601 161 666 deseri
185 601 228 664 sit
248 598 406 681 Heylerus
427 597 463 660 in
483 595 585 679 praef.
609 595 648 658 ad
670 595 775 678 Epist.
799 617 829 678 p.
846 593 950 658 XXII.

122 623 183 770 HI
200 683 308 748 Codex
324 680 497 746 Parisinus
511 680 605 760 2054,
628 679 732 744 forma
746 679 952 762 octuplioata,
974 700 1071 742 mem-

53 769 252 847 branaceus,
282 765 408 830 saeculo
431 763 492 828 XV
515 763 578 827 scri
601 766 669 845 tus,
697 785 790 847 quem
819 762 998 827 accuratius
1021 763 1072 825 de·

56 852 188 934 scripsit
197 851 356 934 Heylerus
370 850 406 912 in
419 848 519 931 praef.
533 847 573 911 ad
614 848 690 930 pist.
702 870 734 930 p.
743 846 815 910 XX.
839 846 1072 930 Apographum

55 941 106 1001 est
122 935 271 1000 Vossiani
294 955 331 997 00
352 939 496 1016 tempore
517 931 654 1015 factum,
677 953 739 1014 quo
768 932 833 993 iam
856 931 956 994 multa
977 931 1013 994 in
1036 951 1073 994 eo

56 1022 124 1104 legi
139 1041 206 1083 non
222 1023 382 1103 poterant,
404 1017 458 1080 sed
473 1016 565 1098 folia,
582 1037 663 1098 quae
678 1036 765 1079 nunc
780 1016 905 1098 desunt,
928 1015 1073 1078 nondum

55 1105 231 1263 5011010111.
267 1102 375 1166 Habet
400 1101 502 1184 igitur
525 1122 605 1184 quae
633 1101 669 1163 in
689 1099 849 1163 Vossiano
874 1098 1071 1163 exciderunt.

87 1209 146 1251 uae
175 1191 281 1250 autem
310 1186 460 1249 librarius
488 1184 630 1248 ParisIni
657 1184 837 1268 apographi
871 1183 979 1266 legere
1008 1205 1074 1247 non

57 1277 196 1356 poterat,
219 1272 253 1334 in
276 1272 390 1354 quibus
413 1274 500 1349 sunt,
523 1290 604 1352 quae
627 1269 723 1332 etiam
745 1289 832 1332 nuno
854 1267 1021 1350 dispicias,
1045 1269 1073 1331 si

56 1357 167 1419 oculos
189 1356 350 1435 intendas,
372 1354 488 1417 lacuna
510 1352 623 1416 relicta
643 1352 810 1420 indicavit.

124 1441 178 1523 12)
207 1438 316 1504 Codex
339 1437 512 1503 Parisinus
533 1438 632 1521 3020,
661 1436 814 1502 Caesares
843 1441 876 1500 01
903 1436 1074 1500 Orationes

57 1525 86 1589 Ι.
111 1522 315 1690 0,)ΙὲοὼΧ
339 1605 513 1668 parimus
534 1605 633 1683 3029,
656 1603 849 1686 Misopogon
873 1595 944 1666 c'um
967 1604 1075 1667 multis

58 1691 156 1753 variis
179 1689 370 1752 lectionibus
393 1687 432 1750 ad
454 1687 634 1770 marginem
656 1686 837 1770 adscriptis

125 1775 179 1855 14)
203 1771 312 1836 Codex
336 1771 511 1835 Parisinus
532 1771 630 1851 3038,
653 1771 856 1854 Misopogon.

124 1857 296 1920 Praeterea
317 1854 475 1938 Heylerus
497 1855 532 1918 in
554 1854 710 1938 Epistolis
738 1877 814 1918 usus
837 1859 887 1918 001
910 1853 1075 1920 Parisinis

58 1941 133 2022 963,
150 1941 222 2022 967,
241 1940 332 2021 1031,
358 1938 451 2021 1310,
467 1938 559 2021 1603,
575 1939 668 2020 2131,
684 1939 777 2022 2755,
794 1938 890 2017 3044,
920 1936 1074 2003 Vaticano

62 2024 144 2088 1353
171 2028 204 2087 01
230 2022 487 2104 Heidelbcrpcnsi
514 2023 593 2102 356,
628 2021 811 2087 Hercherus
840 2022 1074 2088 Laurentianis

59 2107 177 2191 LVIII,
202 2109 240 2171 16
263 2106 451 2184 01ΧΧΧΠ,
474 2107 526 2186 37,
557 2106 718 2171 Palatinis
741 2108 803 2170 134
824 2111 858 2170 01
881 2107 952 2189 146,
980 2107 1076 2172 Mar-

59 2195 164 2257 cianis
186 2193 227 2256 79
249 2193 399 2256 015401
427 2191 581 2255 Vaticano
603 2191 677 2255 434.
1135 2261 1136 2264 ¹

123 2276 290 2340 EPetavii
308 2275 470 2339 codicibus
486 2275 604 2360 dignus
620 2273 768 2358 inprimis
786 2279 844 2357 001,
867 2275 922 2358 qui
938 2295 1074 2338 comme-

60 2366 217 2443 moretur,
238 2360 475 2441 Baroccianas,
499 2359 587 2423 cuius
603 2381 664 2442 ope
684 2358 785 2422 multa
805 2358 840 2421 in
855 2359 996 2422 editione
1018 2382 1075 2422 sua

60 2444 210 2507 mendose
226 2443 346 2527 scripta
363 2444 500 2507 correxit
515 2444 663 2507 Petavius
683 2445 718 2506 in
735 2443 821 2507 notis
843 2442 884 2506 ad
899 2442 1074 2525 Epistolas.

124 2527 184 2591 His
206 2528 307 2611 igitur
329 2527 477 2591 subsidiis
499 2529 673 2591 instructus
701 2548 760 2610 pro
781 2528 897 2591 vitiosa
916 2528 1076 2612 scriptura

83 2611 208 2675 lurimis
223 2613 302 2675 locis
317 2633 335 2675 e
349 2611 440 2675 libris
456 2634 552 2675 manu
568 2611 697 2695 scriptis
713 2611 913 2675 emendatam
935 2613 1075 2694 reposui.

60 2634 126 2760 Ilbi
154 2718 228 2759 vero
251 2695 374 2760 codices
398 2717 491 2779 opem
514 2716 580 2759 non
602 2697 765 2778 ferebant,
795 2696 835 2758 ad
857 2695 1076 2778 conjecturam

61 2779 112 2842 vel
128 2780 264 2843 aliorum
274 2780 325 2843 vel
340 2801 442 2844 meam
455 2780 595 2865 confugi,
609 2784 703 2864 atque
720 2779 957 2851 emendationes
974 2785 1076 2844 certas

60 2863 96 2926 in
123 2865 292 2927 verborum
321 2869 506 2928 contextum
529 2865 648 2947 recepi,
677 2863 866 2928 verisimiles
894 2868 950 2927 aut
971 2864 1076 2948 aliquo

60 2947 155 3010 modo
168 2948 389 3012 memorabiles
400 2950 436 3012 in
447 2948 657 3012 adnotatione
669 2948 923 3012 commemoravi.
953 2948 1076 3013 Reiskii

60 3033 355 3096 animadversiones
379 3033 520 3115 excerpsi
536 3055 576 3097 ex
598 3032 799 3116 autographo
823 3033 890 3095 eius
905 3033 940 3095 in
962 3033 1076 3097 biblio-

58 3115 156 3179 theca
178 3115 326 3180 Leidensi
348 3117 432 3180 inter
453 3116 748 3199 Wyttenbachiana
770 3116 942 3181 00001101οζ

124 3199 278 3264 Vossiani
300 3201 489 3284 scripturam
512 3201 671 3286 integram
687 3201 821 3284 apposui
836 3205 963 3284 praeter
984 3202 1075 3266 levis-

60 3286 143 3348 sima
164 3285 336 3368 quaedam,
360 3291 400 3366 ut
426 3282 531 3369 0111
559 3307 619 3368 pro
647 3285 731 3369 μηδὲ
758 3288 790 3348 01
821 3282 893 3367 οὐχ’
917 3307 976 3368 pro
1004 3284 1075 3369 οὐχ,

58 3369 256 3451 reliquorum
278 3368 440 3433 selectam.
840 3424 842 3427 .

468 3524 669 3534 ——.
