2392 3960
488 185 625 238 ORATIO
643 187 690 237 IV.
1031 184 1090 248 191

79 310 144 383 οὐκ
172 308 217 383 ῶν
244 310 400 403 εὕροιμεν
428 310 573 401 ἀκριβῶς
601 312 814 395 ἐξετάζοντες·
848 308 928 382 οὐδὲ
956 310 1019 402 γὰρ
1048 309 1092 396 ῶς

77 416 252 506 ὑπέλαβον
288 422 449 510 εἰρῆσθαί
476 445 563 499 τινες
594 418 678 507 πρὸς
714 422 781 487 τῶν
812 417 987 505 θεολόγων
1018 415 1092 508 ἡμι-

79 531 223 614 σφαίρια
255 528 316 594 τοῦ
348 523 473 605 παντὸς
504 522 544 593 τὰ
577 524 639 593 δόο
673 526 774 610 λόγον
807 531 872 612 ἐχει
902 524 990 594 τινά·
1023 529 1093 606 πῶς

78 632 145 722 γάρ
172 634 264 700 ἐστιν
288 631 484 721 ἑτερήμερον
513 627 625 700 αὐτῶν
648 633 789 700 ἕκαστον
810 628 890 699 οὐδὲ
918 634 1092 720 ἐπινοῆσαι

51 737 216 830 ιρᾴδιον,
244 733 367 828 ἡμέρας
395 737 532 824 ἑκάστης
559 733 809 825 ὐνεπαισθήτου
836 740 895 824 τῆς
921 735 1004 805 κατὰ
1032 736 1092 806 τὸν

79 843 255 932 φωτισμὸν
283 840 395 911 αὐτῶν
413 842 650 931 παραυξήσεῶς
668 843 854 931 γινομένης.
892 842 1092 931 σκεψώμεθα

80 950 117 1018 δὲ
144 952 211 1018 νῦν
239 945 322 1039 ὑπὲρ
351 941 399 1017 ῶν
427 945 523 1018 αὐτοὶ
551 963 762 1038 καινοτομεῖν
790 958 871 1031 ἴσως
897 975 942 1040 τφ
972 953 1091 1018 δοκοῦ-

79 1083 149 1144 μεν.
195 1058 254 1143 τῆς
285 1052 389 1143 αὐτῆς
421 1052 543 1144 ἡμέρας
576 1058 696 1124 ἐκεῖνοι
728 1057 874 1143 μετέχειν
907 1052 1020 1144 ὀρθῶς
1047 1051 1129 1130 ῶνα

78 1164 233 1249 ῥηθεϊεν,
267 1157 403 1242 ὁπόσοις
431 1171 503 1242 ἴσος
530 1163 621 1230 ἐστὶν
654 1158 671 1229 ὁ
700 1165 758 1250 της
789 1157 872 1249 ὑπὲρ
900 1164 965 1249 γῆν
992 1157 1091 1248 ἡλίου

40 1300 66 1340 ιο
78 1274 217 1357 πορείας
248 1267 369 1355 χρόνος
401 1270 439 1335 ἐν
471 1268 521 1335 ἑνὶ
553 1269 608 1336 καὶ
640 1271 686 1359 τῷ
719 1264 810 1358 αὐτῷ
843 1274 931 1356 μηνί.
983 1262 1090 1357 δράτω

77 1401 129 1453 τις
157 1365 231 1459 οὐν,
259 1378 290 1440 εἰ
306 1371 350 1461 μὴ
368 1371 406 1441 τὸ
435 1374 632 1462 ἑτερήμερον
658 1388 729 1455 τοῖς
755 1374 889 1455 κύκλοις
916 1372 1093 1462 ἐφαρμόζει

77 1493 150 1559 τοῖς
177 1506 212 1547 τε
240 1477 351 1559 ἅλλοις
382 1481 437 1547 καὶ
469 1494 539 1559 τοῖς
570 1495 747 1568 τροπικοῖς.
793 1475 1001 1568 ὑπολήψεταί
1029 1501 1091 1560 τις·

79 1581 144 1654 οὐκ
173 1594 248 1676 ἴσον
276 1587 375 1654 ἐστίν.
413 1588 448 1652 οἱ
472 1584 534 1672 μὲν
562 1585 625 1673 γὰρ
654 1583 704 1654 ἀεὶ
729 1591 920 1672 φαίνονται,
947 1587 1092 1667 καὶτοῖς

78 1689 141 1778 τὴν
179 1688 351 1760 ἀντίσκιον
388 1693 520 1759 οἰκοῦσι
556 1694 619 1779 γῆν
656 1688 856 1780 ἀμφοτέροις
898 1688 1091 1781 ἀμφότεροι,

44 1827 68 1869 ιι
80 1798 149 1864 τῶν
178 1797 215 1865 δὲ
234 1801 269 1865 οἱ
293 1794 439 1887 θάτερον
468 1793 612 1885 ὁρῶντες
630 1795 786 1885 οὐδαμῶς
805 1794 909 1888 ὁρῶσι
936 1797 1091 1888 θάτερον.

80 1899 152 1971 ἀλλ’
183 1906 239 1971 ἵνα
268 1900 311 1991 μὴ
341 1909 442 1971 πλείω
459 1905 535 1993 περὶ
562 1905 630 1971 τῶν
653 1900 765 1972 αὐτῶν
783 1905 890 1990 λέγων
918 1908 1131 1991 διατρίβω,1)

80 2007 139 2089 τὰς
165 2006 289 2096 τροπὰς
321 2009 552 2098 ἐργαζόμενος,
581 2006 690 2097 ῶσπερ
719 2018 830 2097 ἐσμεν,
858 2006 965 2096 πατὴρ
995 2004 1092 2095 ῶρῶν

80 2117 182 2202 ἐστιν,
211 2112 273 2184 οὐκ
292 2112 481 2184 ἀπολείπων
500 2114 537 2183 δὲ
556 2111 711 2203 οὐδαμῶς
729 2111 808 2195 τοῦς
830 2113 954 2194 πόλους
979 2111 1091 2182 Ὠκεα-

80 2218 140 2302 νὸς
168 2217 211 2290 ῶν
239 2230 300 2309 εἴη,
328 2224 446 2309 διπλῆς
473 2217 606 2309 ἡνεμῶυ
634 2218 759 2302 οὐσίας.
807 2224 880 2309 μῶν
908 2216 1035 2307 ἀσαφές
1061 2247 1092 2288 τι

45 2328 136 2397 ιοκαὶ
173 2330 272 2396 τοῦτο
310 2328 463 2415 λέγομεν,
502 2329 633 2416 ἐπείπερ
674 2326 738 2417 πρὸ
776 2322 872 2415 ἡμῶν
913 2323 994 2394 αὐτὸ
1036 2328 1092 2394 καὶ

72 2430 220 2523 ’Όννοοε
247 2439 324 2520 ἔνο·

158 2571 331 2661 Ὠκεανοῦ,
360 2572 462 2664 ὅσπερ
490 2576 619 2661 γένεσις
646 2575 805 2644 πάντεσσι
832 2574 993 2660 τέτυκται,

77 2719 219 2805 θνητῶν
245 2744 280 2785 τε
306 2718 399 2784 θεῶν
425 2713 476 2803 θ’,
509 2712 553 2802 ῶς
581 2711 624 2785 ῶν
656 2713 757 2798 αὐτός
785 2723 884 2804 φαίη,
917 2716 1090 2805 μακάρωνς

79 2820 225 2911 ἀληθῶς.
275 2826 312 2891 ἓν
344 2819 407 2912 γὰρ
440 2825 507 2891 τῶν
544 2823 682 2892 πάντων
719 2820 821 2892 οὐδέν
857 2825 961 2910 ἐστιν,
995 2820 1013 2891 ὃ
1041 2820 1143 2910 μὴςις

41 2958 66 3001 τε
79 2933 140 3018 της
165 2926 328 2997 Ὠκεανοῦ
346 2930 495 3014 πέφυκεν
515 2925 632 3010 οὐσίας
651 2935 799 3015 ἔκγονον.
837 2926 919 2998 ὐλλδι
938 2936 972 2996 τί
991 2932 1090 2997 τοῦτο

76 3033 165 3126 πρὸς
192 3032 271 3115 τοῦς
297 3034 436 3117 πόλους;
463 3035 578 3122 βούλει
597 3056 651 3104 σοι
669 3035 803 3126 φράσους
831 3041 939 3106 καίτοι
968 3037 1091 3103 σιωπῶ·
1150 3103 1153 3109 ,

77 3153 165 3211 σθαι
192 3155 348 3231 κρεῖσσον
375 3131 430 3230 ἦν·
458 3141 623 3230 εἰρήσεται
651 3142 688 3210 δὲ
716 3139 811 3229 ὅμως.

149 3410 318 3484 4ἕκαστον]
338 3417 399 3468 vid.
419 3416 453 3468 ad
471 3420 538 3470 91ss
607 3409 762 3483 όέκόστης
781 3434 832 3468 om.
852 3417 917 3469 libri
987 3419 1018 3466 11
1041 3401 1092 3467 οῦν

79 3483 121 3565 Η]
140 3483 195 3537 νῦν
227 3479 366 3565 ’17ὃρῶν
378 3486 483 3538 marcii.
497 3492 552 3551 pet.
605 3488 638 3536 22
657 3486 737 3536 Iliad.
753 3485 776 3549 ξ,
789 3487 839 3536 246
855 3487 858 3546 Ι
874 3478 999 3562 ὠκεανός
1012 3484 1076 3534 libri
1085 3481 1094 3549 ‘J

80 3567 153 3605 πασι
171 3553 236 3602 libn
304 3555 337 3603 24
353 3547 386 3606 ’ἓν
404 3548 480 3620 libri]
500 3552 549 3606 καλ
619 3555 652 3603 26
670 3547 776 3613 πόλους
794 3549 869 3618 libri]
890 3553 1014 3610 πολλους
1175 3546 1181 3571 “
