2370 3908
117 181 177 246 198
418 181 564 233 IULIANI
581 178 832 232 IMPERATORIS

115 337 210 399 μενοι
239 314 446 396 συμφωνίας.
492 305 572 398 ὅπερ
601 304 701 388 αύτός
732 305 800 375 πού
832 326 956 394 φησιν,
989 300 1035 388 ῶς
1068 303 1132 395 ἄρα
1172 292 1177 299 ¹

115 414 152 485 τὸ
181 414 278 501 γένος
305 411 400 502 ίμῶν
432 417 593 483 ἐπίπονον
627 411 667 483 ὂν
699 412 799 501 φύσει
830 412 908 481 θεοὶ
939 411 1133 501 ἐλεήσαντες

116 529 246 592 ἔδωκαν
272 518 354 610 ἡμῖν
380 518 441 590 τδν
468 521 644 591 Διόνυσον
672 521 728 589 καὶ
755 517 818 615 τδιςι
840 518 984 600 Μούσας
1010 539 1132 607 συγχο-

115 628 242 717 ρευτάς.
289 628 397 716 ἐφάνη
431 627 468 696 δέ
500 624 581 716 ἡμῖν
605 623 719 708 Ἥλιος
750 625 879 695 τούτων
911 624 1025 706 κοινὸς
1058 621 1133 714 ἡμε-

71 751 97 805 Ι)
117 736 206 823 μῶν,
233 734 410 804 Διονύσου
438 734 500 823 μὲν
531 733 639 825 πατὴρ
671 727 897 822 ὑμνούμενος,
929 727 1064 821 ἡμεμῶν
1096 731 1159 802 δὲι

116 845 279 912 Μουσῶν.
330 839 347 911 ὁ
386 840 423 909 δέ
460 838 549 933 αύτῷ
587 838 842 928 συμβασιλεύειν
885 836 1055 908 Ἀπόλλων
1092 836 1136 908 ού

110 952 287 1037 ,πανταχοῦ
315 947 376 1037 μέν
410 945 512 1035 ιἰνῆκε
538 951 597 1037 τῆς
628 950 688 1035 γῆς
719 946 912 1036 χρηστήρια,
941 951 1068 1033 σοφίαν
1098 945 1136 1015 δὲ

116 1060 241 1125 ἔδωκεν
273 1052 467 1142 ίινθρῶποις
503 1061 639 1141 ἔνθεον,
678 1053 841 1147 ἐκόσμησε
874 1051 911 1121 δέ
945 1055 1047 1140 ίεροίς
1078 1055 1137 1122 καὶ

116 1170 297 1240 πολιτικοῖς
328 1158 386 1241 τὰς
423 1161 535 1240 πόλεις
566 1170 721 1248 θεσμοῖς;
759 1151 858 1240 οὗτος
890 1154 1040 1249 ἡμέρωσε
1073 1159 1138 1247 μὲν

118 1265 174 1336 διδι
201 1270 269 1335 τῶν
294 1263 496 1355 Ἑλληνικῶν
522 1264 686 1337 ἀποικιῶν
712 1264 908 1335 τὰπλεῖστα
935 1266 993 1353 τῆς
1020 1270 1137 1334 οίκου-
1154 1290 1177 1330 ιο

116 1377 232 1462 μένης,
269 1372 496 1464 παρεσκεύασε
537 1374 575 1442 δὲ
611 1377 695 1465 ῥᾷον
732 1369 923 1441 ὑπακοῦσαι
954 1367 1139 1459 Ῥωμαίοις

117 1485 231 1567 έχουσι
258 1482 313 1548 καὶ
341 1477 456 1561 αύτοϊς
488 1476 530 1549 ού
558 1483 654 1566 γένος
682 1480 790 1568 μόνον
813 1475 1022 1566 Ἑλληνικόν,
1052 1475 1140 1547 ἀλλὰ

66 1588 178 1655 153καὶ
206 1585 355 1675 θεσμοὺς
383 1585 493 1676 ίερούς
519 1589 575 1655 καὶ
603 1586 665 1674 τὴν
696 1587 772 1676 περὶ
799 1583 879 1667 τοδς
910 1582 1015 1666 θεοὺς
1042 1582 1137 1654 εὐπι-

117 1699 214 1761 στίαν
242 1695 274 1774 ἐξ
304 1690 407 1781 ἀρχῆς
427 1699 474 1773 είς
500 1694 593 1774 τέλος
617 1689 812 1780 Ἑλληνικὴν
831 1693 1139 1779 καταστησαμένοις

116 1826 151 1867 τε
178 1800 234 1867 καὶ
263 1800 439 1886 φυλαξασι,
467 1798 550 1889 πρὸς
578 1799 615 1868 δέ
638 1799 770 1880 τούτοις
797 1800 853 1868 καὶ
880 1797 942 1868 τὸν
968 1799 1045 1887 περὶ
1072 1795 1139 1886 τὴν
1154 1820 1177 1861 15

116 1905 215 1975 πόλιν
242 1906 368 1994 κόσμον
405 1903 562 1995 οὐδεμιᾶς
594 1909 662 1976 τῶν
694 1904 812 1997 ἄριστα
843 1906 1139 1992 πολιτευσαμένων

117 2012 248 2082 πόλεων
275 2015 578 2103 καταστησαμένοις
605 2012 826 2103 φαυλότερον,
853 2017 886 2081 εί
911 2008 954 2100 μὴ
983 2013 1038 2080 καί
1066 2015 1139 2079 τῶν

118 2116 229 2188 ἄλλων
262 2116 417 2207 ἁπασῶν,
451 2118 527 2189 ὅσαι
563 2148 600 2206 με
633 2125 669 2190 έν
701 2119 815 2208 χρήσει
851 2118 1009 2205 γεγόνασι
1041 2126 1137 2186 πολι-

116 2240 216 2310 τεῖαι,
249 2234 440 2316 κρείσσονα·
473 2224 554 2296 ἀνθ’
595 2219 643 2297 ῶν
679 2225 771 2313 οἶμαι
803 2227 859 2295 καὶ
891 2220 993 2305 αὐτὸς
1026 2230 1138 2310 ἔγνων

117 2329 179 2419 τὴν
206 2333 304 2402 πόλιν
328 2329 505 2422 Ἑλληνίδα
532 2336 628 2421 γένος
655 2361 689 2403 τε
721 2333 776 2401 καὶ
803 2336 981 2401 πολιτείαν.
1026 2338 1062 2399 τί
1088 2336 1139 2399 ἔτι
1153 2353 1177 2392 2⁰

76 2445 173 2508 Βσοι
206 2443 305 2526 λέγω,
342 2444 412 2520 πῶς
447 2443 506 2528 τῆς
542 2436 670 2526 ύνιείας
706 2440 761 2509 καὶ
800 2443 964 2529 σωτηρίας
999 2437 1139 2506 πάντων

117 2545 308 2632 προυνόησε
326 2543 387 2614 τὸν
406 2549 539 2634 σωτῆρα
557 2550 625 2616 τῶν
645 2545 733 2616 ὅλων
752 2542 984 2632 ιἰπογεννησας
1000 2539 1138 2632 Ἀσκλη-

117 2650 212 2738 πιέν,
246 2648 334 2732 ὅπως
372 2652 409 2720 δὲ
446 2649 568 2741 ἀρετὴν
600 2659 703 2722 ἔδωκε
739 2657 904 2720 παντοίαν
933 2647 1139 2739 Ἀφροδίτην

116 2753 242 2850 Ἀθηνᾷ
276 2760 554 2846 συγκαταπέμυας
591 2756 686 2849 ἡμῖν,
718 2758 888 2847 κηδεμόνα
919 2756 1027 2844 μόνον
1060 2754 1138 2844 ούχὶ

118 2863 225 2951 νόμον
251 2867 406 2952 θέμενος,
433 2863 517 2956 πρὸς
544 2865 649 2953 μηδὲν
677 2868 790 2953 ἕτερον
818 2867 965 2954 χρῆσθαι
981 2866 1022 2952 τῇ
1050 2865 1138 2951 μίξει
1152 2882 1176 2923 ²⁵

118 2964 139 3055 ἢ
167 2968 250 3059 πρὸς
276 2969 338 3058 τὴν
366 2969 497 3058 γένεσιν
528 2974 591 3041 τού
623 2968 758 3060 δμοίου;
791 2970 848 3040 διά
874 2996 926 3038 τοι
953 2972 1052 3039 τοῦτο
1080 2972 1138 3039 καὶ

124 3279 132 3299 ‚
188 3222 326 3301 Ιφησιν]
353 3225 439 3289 Legg.
458 3223 486 3274 II
509 3224 626 3276 6531)ss
650 3229 678 3276 et
700 3224 786 3275 665A
864 3213 1138 3288 ἸανηκεΜοΕΡ,

118 3290 278 3369 ενηκεθ,
292 3280 347 3357 ίινη
350 3307 401 3342 κεν
422 3307 441 3342 v
528 3295 560 3344 13
588 3283 740 3344 εύπιοτιάν
762 3291 861 3369 spanh;
880 3290 913 3341 do
930 3290 1053 3340 Marcilii
1075 3305 1139 3341 con·

115 3347 278 3425 jectura]’
263 3357 400 3410 απιστίαν
483 3360 515 3410 16
534 3351 624 3425 ούδεμ
626 3357 672 3421 ιᾶς
691 3356 809 3426 MbEF]
829 3347 971 3425 ούδεμίαν
1053 3359 1086 3408 18
1104 3375 1137 3423 γε

116 3424 154 3492 Η]
174 3442 204 3478 τε
258 3429 290 3477 19
309 3422 386 3505 έγνω
399 3427 464 3478 libri
517 3430 591 3480 2012
586 3378 651 3480 ’ἔτι
659 3378 787 3513 ῗΜοτοὶλ]
807 3421 857 3478 ἔτι.
879 3427 957 3477 Ροιλ.
972 3441 1040 3477 vero
1056 3438 1138 3491 prae·

117 3489 210 3612 {gat}
214 3511 240 3544 τι
265 3507 309 3545 σοι
330 3489 431 3561 βούλει
455 3491 525 3561 λέγω
594 3498 626 3549 21
649 3495 751 3562 υηειας
768 3495 820 3546 Mb
890 3497 922 3546 23
946 3487 1035 3545 έδωκε
1058 3491 1136 3560 libri]

156 3578 229 3614 ωκεν
