2370 3908
126 166 188 239 192
425 164 568 217 IULIANI
589 163 837 216 IMPERATORIS

204 296 344 380 Λέγεται
372 296 468 379 γοῦν,
495 298 527 361 εί
552 288 676 379 καὶμὴ
704 289 824 370 πάντες
851 291 989 378 ἑτοίμως
1015 286 1140 360 ἀποδέ-

125 427 254 488 χονται,
288 394 306 467 δ
335 404 450 479 δίσκος
482 399 535 466 ἐπὶ
566 401 624 485 τῆς
656 393 826 485 ἀνάστρον
853 397 1019 485 φέρεσθαι
1049 394 1140 465 πολὺ

124 510 183 593 τῆς
219 502 389 585 ἀπλανοῦς
425 501 642 592 ὑψηλότερος·
679 504 735 571 καὶ
772 499 860 570 οὕτω
898 501 936 571 δέ
971 505 1040 571 τῶν
1075 502 1138 589 μέν

124 613 353 698 πλανωμένων
381 607 442 698 οὐχ
470 612 533 691 ἕξει
564 607 601 678 τὸ
630 611 747 697 μέσον,
779 611 881 698 τριῶν
913 607 951 677 δὲ
981 611 1049 677 τῶν
1079 608 1137 677 κό-

84 739 221 806 Βσμων
247 715 330 786 κατὰ
356 715 414 798 τάς
440 713 624 796 τελεστικάς
641 711 831 800 ὑποθέσεις,
855 719 887 782 εί
912 712 974 804 χρὴ
1002 712 1043 783 τά
1069 740 1163 784 roi-5

125 826 210 892 αὖτα
237 832 353 893 καλεῖν
371 819 560 909 ὑποθέσεις,
588 818 670 890 ἀλλά
688 819 732 909 μὴ
760 820 949 908 ταῦταμὲν
976 820 1137 908 δόγματα,

124 928 165 997 τά
194 929 231 998 δέ
257 933 326 998 τῶν
353 931 543 1019 σφαιρικῶν
569 924 756 1008 ἀποθέσεις.
802 930 837 995 οί
862 925 923 1014 μὲν
954 924 1019 1017 γάρ
1045 930 1138 996 θεῶν

125 1031 146 1123 ἢ
180 1036 351 1123 δαιμόνων
383 1035 535 1122 μεγάλων
567 1033 609 1121 δή
641 1060 744 1101 τινων
780 1029 985 1114 ἀκούσαντές
1021 1053 1138 1120 φασιν,

126 1144 162 1210 ol
188 1141 224 1209 δὲ
251 1137 469 1209 ἀποτίθενται
496 1139 533 1208 τὸ
561 1137 710 1208 πιθανὸν
738 1141 774 1207 έκ
800 1140 859 1226 τῆς
885 1136 969 1228 πρὸς
996 1136 1037 1207 τά
1060 1166 1137 1225 φαι-

126 1246 252 1334 νόμενα
271 1251 477 1333 συμφωνίας.
515 1250 624 1314 αίνεῖν
642 1244 703 1332 μὲν
727 1235 791 1313 οὖν
810 1242 905 1326 ἀξιον
931 1245 987 1313 καὶ
1005 1244 1138 1331 τούσδε,
1153 1271 1176 1311 ιο

125 1350 294 1421 πιστεύειν
322 1352 359 1421 δὲ
386 1353 527 1432 ἐκείνοις
558 1348 623 1443 ὅτῳ
651 1352 783 1438 βέλτιον
811 1348 898 1419 εἶναι
926 1355 1033 1437 δοκεῖ,
1060 1353 1138 1419 τοῦ·

126 1484 186 1526 τον
217 1455 282 1545 ἐγὼ
311 1464 436 1540 παίζων
467 1458 523 1525 καὶ
552 1456 749 1538 σπουδάζων
781 1454 911 1544 ἀγαμαί
938 1482 973 1525 τε
1003 1458 1060 1525 καὶ
1088 1484 1138 1525 τε-

126 1562 294 1651 θαύμακα.
330 1564 387 1633 καὶ
413 1566 518 1631 ταῦτα
545 1562 607 1650 μέν
635 1559 677 1649 δὴ
703 1562 817 1650 ταύτῃ,
845 1569 938 1650 φασί.

92 1689 112 1745 c
206 1667 302 1738 Πολὺ
330 1669 368 1737 δὲ
399 1667 483 1758 πρὸς
514 1663 565 1749 οἷς
592 1673 679 1756 ἔφην
706 1668 837 1756 πλῆθός
869 1671 937 1736 ἐστι
968 1669 1045 1758 περὶ
1076 1666 1138 1738 τὸν

127 1771 277 1863 οὐρανὸν
303 1777 411 1861 θεῶν,
444 1770 503 1854 οὓς
529 1773 736 1862 κατενόησαν
764 1777 799 1842 ol
828 1772 888 1843 τὸν
916 1771 1066 1864 οὐρανὸν
1094 1773 1139 1863 μὴ
1152 1797 1176 1840 rr

126 1883 298 1970 παρέργως
333 1880 418 1969 μηδὲ
455 1877 564 1970 ὥσπερ
605 1879 645 1948 τά
685 1879 878 1969 βοσκήματα
917 1883 1140 1971 θεωροῦντες.

126 1984 206 2067 τούς
236 2001 324 2076 τρεῖς
355 1984 419 2074 γάρ
437 1989 589 2083 ,τετραχῇ
620 1988 750 2073 τέμνων
787 1984 844 2053 διά
876 1989 934 2075 τῆς
965 1989 1028 2056 τοῦ
1060 1994 1138 2079 §920-

127 2092 238 2181 φόρον
270 2093 396 2163 κύκλον
423 2091 508 2182 πρὸς
539 2095 681 2161 ἕκαστον
712 2088 825 2160 αὐτῶν
856 2098 1036 2174 κοινωνίας
1062 2096 1138 2162 τοῦ-

126 2225 187 2267 τον
216 2190 318 2280 αὖθις
344 2197 404 2268 τὸν
432 2198 606 2290 ζῳοφόρον
634 2203 681 2278 είς
704 2196 834 2267 διόδεκα
859 2202 952 2268 θεῶν
980 2198 1139 2287 δννάμεις

128 2310 264 2394 διαιρεῖ,
296 2306 352 2374 καὶ
379 2307 492 2393 μέντοι
523 2304 652 2373 τούτων
684 2306 823 2374 ἕκαστον
851 2311 899 2387 είς
925 2319 1027 2395 τρεῖς,
1056 2302 1139 2375 ὥστε
1152 2329 1177 2369 ιο

126 2425 236 2479 ποιεῖν
264 2414 297 2492 ἓξ
329 2413 382 2480 ἐπὶ
409 2425 479 2491 τοῖς
510 2410 696 2499 τριάκοντα.
738 2416 840 2480 ἔνθεν
873 2408 965 2499 οἶμαι
996 2411 1139 2500 καθήκει

84 2512 263 2589 Βάνωθεν
290 2513 371 2603 ἡμῖν
399 2519 432 2597 ἐξ
460 2513 617 2606 οὐρανῶν
648 2518 766 2605 τριπλῆ
792 2523 939 2607 χαρίτων
966 2516 1075 2605 δόσις,
1103 2521 1139 2587 ἐκ

126 2624 194 2689 τῶν
226 2621 373 2708 κύκλων,
406 2618 466 2703 οδς
494 2619 511 2691 ὁ
544 2620 626 2703 θεὸς
657 2618 714 2690 ὅδε
745 2625 884 2713 τετραχῇ
915 2625 1046 2711 τέμνων
1077 2622 1140 2712 τὴν

81 2763 83 2767 .
126 2731 311 2815 τετραπλῆν
338 2729 509 2816 ἐπιπέμπει
536 2731 604 2796 τῶν
632 2723 730 2817 ὡρῶν
756 2724 914 2817 ἀγλαΐαν,
946 2736 985 2797 αἳ
1009 2727 1052 2818 δὴ
1080 2728 1139 2812 τάς

126 2830 251 2919 τροπάς
283 2839 397 2921 έχουσι
423 2838 493 2903 τῶν
520 2836 654 2924 καιρῶν.
691 2832 816 2904 κύκλον
843 2863 895 2905 τοι
921 2837 978 2903 καὶ
1005 2840 1045 2904 αί
1070 2836 1138 2906 Χά·
1152 2858 1177 2898 2⁵

214 3059 228 3105 1
253 3053 365 3122 λέγεται
388 3054 461 3122 libri]
485 3051 554 3123 λέγω
587 3056 592 3121 Ι
624 3047 818 3124 ἀποδέχονται
840 3057 918 3125 libri]
944 3049 1139 3124 ἀποδέξονται

128 3125 144 3172 2
172 3121 315 3186 φέρεσθαι
333 3119 410 3190 libri]
430 3119 550 3191 φέρεται
634 3127 651 3175 3
674 3115 748 3178 οὕτω
766 3122 809 3194 δὲ]
827 3118 903 3178 οὕτω
921 3121 981 3191 dri?
1067 3131 1082 3179 7
1110 3124 1141 3180 ol

128 3184 193 3254 μέν]
214 3186 295 3257 οἶμαι
313 3192 377 3243 libri
464 3195 495 3242 13
517 3185 588 3245 ταότ
625 3191 701 3261 libri]
725 3193 818 3245 ταῦτα
849 3196 853 3253 Ι
887 3193 963 3259 φησί
982 3195 1041 3247 Mb.
1077 3197 1139 3263 Ego

153 3257 204 3308 ασί
220 3260 368 3309 deleverim
449 3262 481 3310 14
494 3266 521 3310 οῖ
534 3265 565 3312 lb
587 3208 647 3315 ἀστι
664 3261 730 3328 περὶ
747 3256 798 3315 τόν
816 3255 940 3329 οὐρανὸν
963 3259 1043 3314 θεῶν
1060 3260 1138 3331 libri]

127 3274 186 3379 ἀντι
204 3323 259 3379 τῶν
277 3323 343 3392 περὶ
360 3323 412 3379 τόν
431 3319 558 3390 ον’ρανὸν
575 3327 655 3382 θεῶν
672 3344 756 3396 marg.
776 3336 846 3394 pet.,
865 3322 924 3382 έστι
941 3329 1000 3382 τῶν
1016 3345 1140 3396 προσον-

126 3394 233 3461 ρανίων
251 3394 332 3445 θεῶν
349 3412 367 3444 v
448 3397 478 3446 17
497 3393 551 3462 τῆς
568 3395 645 3461 libri]
664 3393 719 3464 τὴν
797 3399 828 3448 18
846 3396 1000 3458 κοινωνίας
1017 3399 1129 3449 MbEF

125 3460 282 3580 κοινωνίᾶιν
367 3465 400 3513 22
427 3454 557 3530 οὐρανῶν
576 3463 649 3530 libri]
673 3458 800 3532 ον’ρανοῦ
886 3468 919 3518 25
945 3481 990 3517 τοι
1007 3467 1119 3517 MbEI'

125 3548 157 3597 γε
176 3548 218 3583 τοι
268 3546 325 3596 ,τε
342 3549 359 3581 v
