2392 3960
28 39 172 79 ''m-”3⁸3
219 40 224 65 ’-

30 80 48 101 μ
84 78 87 83 .

419 174 555 226 οιιιτιο
573 177 625 231 ιιι.
965 179 1025 244 163

28 315 80 382 οῖς
106 303 245 370 ἐκείνων
276 301 389 387 λόγοις
416 300 495 384 τοὺς
528 305 674 391 ἐμαυτοῦ
701 311 912 394 παρατιθείς,
945 307 1026 394 μήτε

28 408 116 490 λλως
149 405 401 496 ἀπεχθάνεσθαι
428 411 569 492 ἐκείνοις
601 412 721 480 ἐθέλω·
754 408 826 481 ἀλλ’
858 409 920 482 οῦκ
948 412 1026 483 οἶδα

28 541 126 583 ντινα
153 515 280 604 τρόπον
306 519 368 584 τοῦ
395 515 521 603 μεγάλα
554 517 664 605 λέγειν
691 521 728 587 ἐκ
755 517 881 601 παντὸς
909 517 1022 610 όρεγό,
1041 534 1067 588 D

29 648 102 691 ενοι
131 625 278 708 χαλεπῶς
297 628 411 709 ἔχουσι
437 621 520 711 πρὸς
537 621 616 705 τοὺς
634 622 679 712 μῆ
698 621 861 695 τάκείνων
886 630 1023 715 ζηλοῦν-

28 756 65 809 ας
83 729 139 796 καί
159 725 205 797 δι’
236 735 343 810 αἰτίας
362 727 505 815 άγουσιν
534 726 579 812 ὡς
606 734 856 821 καθαιροῦντος
874 730 936 821 τῆν
955 737 1023 802 τῦν

28 833 118 921 όγων
151 835 257 923 ίσχῦν.
307 835 393 923 μόνα
430 834 494 925 γάρ
528 835 615 905 εἶναι
651 840 719 906 τῶν
756 845 865 927 ἔργων
898 840 1024 927 ζηλωτά

28 962 92 1010 ιασι
124 943 180 1009 καί
208 946 358 1031 σπουδῆς
391 941 466 1024 άξια
493 945 548 1012 καὶ
581 947 714 1014 πολλῶν
739 948 887 1014 ἐπαίνων
915 942 1023 1014 ὁπόσα

28 1046 62 1116 ιόι
90 1051 232 1136 μέγεθος
259 1047 323 1139 ῆδη
347 1051 436 1118 τισὶν
464 1047 584 1119 άπιστα
607 1052 726 1139 ἐφάνη,
755 1047 855 1120 ὁποία
879 1052 921 1140 δῆ
948 1079 1024 1121 τινα

28 1152 44 1222 δι
73 1157 148 1243 περὶ
176 1159 234 1243 τῆς
258 1154 434 1245 Ἀσσυρίας
468 1160 595 1246 ἐκείνης
622 1158 798 1245 γυναικός,
832 1154 853 1247 ῆ
881 1166 1023 1247 μεταβα-

28 1264 113 1330 οῦσα
140 1262 292 1352 καθάπερ
325 1267 465 1352 ῥείθρου
493 1261 620 1344 εύτελές
652 1263 712 1333 τὸν
741 1264 796 1333 διὰ
823 1268 882 1353 τῆς
909 1272 1021 1352 Βαβυ-

28 1371 112 1450 ῦνος
140 1369 291 1458 ποταμὸν
319 1372 440 1458 ῥέοντα
468 1370 619 1457 βασίλειά
646 1399 681 1440 τε
709 1367 972 1464 ρόκοδόμησεν“
954 1368 1019 1440 υπδ

28 1477 66 1563 ῆς
92 1475 254 1605 πάγκαλα
264 1479 320 1546 καὶ
347 1481 494 1565 μεθῆκεν
517 1473 601 1565 ῦπερ
620 1480 689 1546 τῦν
716 1478 880 1567 χωμάτων
904 1470 1013 1559 αὖθις.
1020 1496 1073 1546 127

28 1580 155 1671 πὲρ
117 1610 182 1672 γάρ
210 1566 254 1671 δῆ
280 1583 402 1672 ταύτης
420 1581 526 1665 πολῦς
552 1584 614 1672 μὲν
632 1584 741 1671 λόγος,
772 1613 816 1666 ως
844 1585 1022 1672 ἐναυμάχει

28 1690 106 1757 αυσὶ
144 1696 355 1778 τρισχιλίαις,
393 1692 449 1759 καὶ
486 1693 565 1780 πεζῆ
601 1691 818 1779 παρετάττετο
857 1691 1022 1780 μυριάδας

28 1798 151 1863 πλιτῶν
169 1803 360 1885 τριακοσίας
378 1795 518 1883 άγουσα,
546 1797 583 1867 τό
603 1825 637 1866 τε
661 1801 698 1865 ἐν
716 1801 896 1885 Βαβυλῶνι
914 1813 1021 1885 τεῖχος

28 1901 168 1989 κοδόμει
196 1909 424 1973 πεντακοσίων
453 1909 599 1973 σταδίων
626 1903 746 1992 μικρὸν
774 1902 936 1991 άποδέον,
964 1905 1019 1972 καί

28 2006 43 2075 Rc
72 2009 148 2097 περί
175 2008 237 2097 τῆν
264 2010 364 2079 πόλιν
392 2007 563 2099 ὀρύγματα
587 2011 642 2079 καὶ
671 2008 755 2079 άλλα
782 2014 944 2097 πολυτελῆ
964 2011 1019 2078 καί

28 2114 182 2204 απανηρόι
209 2116 505 2205 κατασκευάσματα
533 2120 660 2205 ἐκείνης
679 2122 760 2204 ε”ργα
787 2118 947 2203 γενέσθαι
966 2117 1017 2185 λε’-

28 2243 110 2291 ουσι.
152 2228 318 2312 Νίτωκρις
347 2223 383 2292 δὲ
411 2223 534 2312 ταύτης
560 2223 705 2312 νεωτέρα
732 2225 787 2291 καὶ
812 2219 1014 2310 Ῥοδογούνη
1034 2212 1123 2289 ΙΝ

28 2329 59 2396 αὶ
94 2328 247 2418 Τάμυρις
283 2332 338 2399 καὶ
374 2336 494 2419 μυρίος
525 2331 567 2419 δῆ
599 2357 648 2410 τις
684 2331 813 2420 ἐπιρρεῖ
847 2332 1018 2415 γυναικοῖν

28 2443 100 2521 χλος
127 2432 374 2525 ἀνδριζομένων
395 2433 436 2505 ού
455 2443 531 2506 λίαν
559 2433 738 2525 εῦπρεπῦς.
774 2433 868 2516 τινάς
896 2433 933 2503 δὲ
951 2433 1016 2523 ῆδη

28 2539 60 2608 τά
87 2540 125 2610 τὸ
153 2542 272 2623 κάλλος
290 2544 528 2636 περιβλέπτους
546 2545 602 2612 καὶ
621 2540 809 2631 ὀνομαστὰς
835 2541 1018 2630 γενομένας

28 2644 44 2715 b
72 2648 207 2737 σφόδρα
235 2647 395 2737 εύτυχῦς,
429 2648 542 2738 ἐπειδῆ
570 2653 713 2740 ταραχῆς
742 2658 844 2717 οιίτιαι
872 2650 928 2717 καὶ
956 2674 1016 2718 πο·

28 2756 111 2842 ἐμων
142 2759 280 2844 μακρῶν
312 2763 427 2826 ἔθνεσι
454 2762 587 2845 μυρίοις
618 2758 675 2826 καί
703 2753 882 2845 άνδράσιν,
917 2752 1019 2835 όσους

28 2888 43 2928 ν
76 2859 163 2942 είκὸς
192 2865 227 2930 ἐκ
257 2863 419 2951 τοσαύτης
442 2863 560 2951 χώρας
593 2860 828 2952 ἀθροίζεσθαι,
861 2862 1019 2947 γενέσθαι

28 2971 174 3055 οκοῦσιν,
203 2965 247 3049 ὡς
266 2970 419 3057 μεγάλων
437 2976 545 3051 αίτίας
563 2965 711 3058 ὑμνοῦσι
728 2967 889 3057 πράξεων.
928 2964 1019 3047 ὅστις

28 3075 38 3142 ἐ
75 3079 230 3144 τοιοῦτον
267 3073 369 3145 ούδέν
402 3082 508 3145 εἰπεῖν
540 3082 620 3164 ἔχει,
656 3075 898 3161 καταγέλαστος
930 3072 1058 3143 εἶναιΟ

28 3197 104 3268 οκεῐ,
133 3179 188 3250 άτε
208 3179 270 3250 οῦκ
289 3183 478 3271 ἐκπλήττειν
498 3180 579 3252 ούδέ
597 3194 863 3270 θαυματοποιεῖν
891 3183 1017 3261 ἐντοῖς

70 3342 181 3404 θάλλά
197 3352 257 3404 VM
335 3357 453 3405 110t12
477 3370 534 3406 υπο
552 3371 605 3421 γης
623 3351 659 3418 V]
684 3345 732 3404 ἐπὶ
751 3351 805 3419 γῆς
880 3354 911 3403 19
936 3349 1018 3402 νί·τω

28 3441 63 3489 μς
81 3419 118 3490 V]
142 3423 281 3486 Νίτοκρις
314 3420 318 3488 λ
350 3414 492 3505 ῥοδογόνη
515 3425 539 3473 V
625 3423 695 3471 210
718 3418 819 3501 locV]
839 3411 949 3485 ὅμιλος.
980 3418 1016 3469 ef.

28 3493 74 3542 lat.
92 3491 208 3542 Phaedr.
226 3492 314 3542 2291)
400 3493 433 3542 25
460 3480 497 3556 ῆν
517 3484 597 3550 είκος
614 3487 650 3554 V]
677 3437 791 3548 είῆιδς
774 3505 812 3554 ην
898 3487 1019 3537 270t28

28 3559 80 3611 Γναι
99 3558 184 3611 δοκει
199 3558 234 3625 V]
255 3553 385 3610 δοκεῖῖ
357 3575 432 3610 εναι

749 3636 804 3692 11*
