2392 3960
107 148 149 213 42
409 150 552 202 IULIANI
575 149 821 202 IMPERATORIS

109 282 182 347 δεῖν
210 281 403 366 φροντίδος·
437 273 524 345 ούτιο
553 295 607 344 σοι
637 274 679 344 τὰ
705 273 803 345 κοινά
834 274 899 366 πρὸ
926 277 994 344 τῶν
1023 281 1123 347 ἰδίων

109 386 201 465 ἔδοξε
229 385 285 451 καὶ
313 388 406 452 δοκεῖ
430 390 530 470 τίμια.

50 509 91 559 34
188 489 340 579 Πότερον
368 480 431 557 οὖν
458 486 520 578 χρὴ
547 491 615 556 τῶν
630 485 852 576 ,ἀδικημάτων
880 483 1039 557 ἁπάντων
1066 516 1124 577 με-

108 599 258 685 μνῆσθαι
287 586 335 663 ῶν
361 622 396 664 τε
414 599 461 675 εἰς
487 592 661 663 τὸκοινόν
689 596 745 663 καὶ
768 591 839 662 κατ’
871 600 962 663 ἰδίαν
991 599 1122 683 ἔδρασε,

108 707 239 782 κτείνας
265 700 326 789 μὲν
353 700 414 770 τὸν
441 697 542 781 αύτὸς
570 697 675 770 αὑτοῦ
699 700 876 788 δεσπότην·
905 697 1149 785 ἀνδράποδονε

108 805 173 897 γάρ
205 798 249 895 ἦν
280 809 348 875 τῶν
375 810 505 876 ἐκείνου
532 807 726 896 προγόνων,
757 810 815 895 τῆς
843 803 908 875 ἀπὸ
938 810 1125 896 Γερμανῶν

108 920 197 995 λείας
229 919 390 994 λείψανον
424 913 584 1000 δυστυχὲς
620 912 896 1002 περιοριζόμενον·
935 909 1051 1003 ἀρχειν
1083 912 1124 982 δὲ

108 1015 203 1106 ἡμῶν
232 1022 416 1111 ἐπιχειρῶν,
445 1010 472 1110 ςδ
499 1018 583 1106 μηδὲ
602 1021 768 1110 ἐλευθέρῳ
795 1021 966 1108 προσῆκον
993 1010 1037 1106 ἦν
1064 1045 1123 1087 νο-

108 1129 271 1212 μισθῆναι
308 1123 352 1212 μὴ
389 1128 489 1193 τούτο
525 1122 604 1213 παρ’
638 1121 735 1213 ὑμῶν
770 1125 920 1212 λαβόντι·
957 1125 1014 1192 καὶ
1048 1120 1124 1214 (ῶς)

107 1228 188 1311 τούς
220 1232 272 1299 ἐπὶ
304 1233 365 1299 τοῦ
397 1233 624 1320 στρατοπέδου
661 1232 795 1312 ξυνδῶν
831 1232 886 1300 καὶ
919 1226 1123 1312 ἀποκτιννύς
1136 1259 1163 1303 ιο

108 1339 164 1404 καί
193 1336 365 1405 δουλεύων
393 1339 536 1425 αἰσχρῶς
555 1340 601 1428 τῷ
629 1337 750 1425 πλήθει
767 1339 823 1405 καὶ
850 1336 1042 1405 κολακεύων
1060 1333 1124 1424 τὴν
1172 1359 1173 1363 ’

62 1462 91 1517 ,Β
111 1439 265 1523 εὐταξίαν
302 1444 486 1531 διέφθειρε·
527 1444 583 1511 καί
620 1439 665 1523 ῶς
700 1441 779 1523 τοὺς
814 1440 938 1523 καλούς
974 1444 1125 1524 ἐκείνους

109 1550 212 1616 ἐτίθει
231 1549 368 1635 νόμους,
394 1547 457 1637 τὴν
475 1544 630 1635 ἡμίσειαν
653 1550 831 1638 εἰσφέρειν,
859 1547 1011 1617 θάνατον
1030 1545 1123 1616 ἀπει-

108 1657 178 1722 λῶν
209 1669 278 1735 τοῖς
311 1651 505 1740 ἀπειθοῦσι,
542 1652 691 1742 μηνυτὰς
724 1654 760 1722 δὲ
788 1652 875 1722 εἶναι
907 1651 967 1722 τὸν
1000 1653 1123 1741 βουλό-

108 1787 211 1847 μενον
238 1763 305 1827 τῶν
333 1763 483 1829 οἰκετῶν·
516 1761 572 1828 καλ
599 1757 688 1840 ὅπως
723 1757 887 1847 ἠνάγκαζε
913 1760 992 1840 τούς
1020 1756 1165 1829 ούδδνιε

110 1868 290 1953 δεομένους
316 1863 357 1932 τά
389 1864 544 1952 βασιλικά
576 1865 722 1955 κτήματα
750 1872 929 1955 πρίασθαι;
963 1867 1124 1947 ἐπιλείψει

109 1998 149 2060 με
185 1969 340 2040 τάκείνου
377 1972 603 2060 διηγούμενον
636 1968 653 2041 ὁ
687 1973 807 2063 χρόνος
844 1968 1030 2059 ἀδικήματα
1066 1972 1124 2040 καί

60 2068 64 2077 ’
109 2081 167 2166 της
193 2082 395 2167 τυραννίδος
421 2082 478 2166 τῆς
505 2079 756 2166 καταλαβούσης
782 2076 819 2146 τδ
848 2080 998 2165 μέγεθος.
1040 2073 1124 2146 ἀλλά

110 2187 167 2270 τῆς
198 2187 409 2273 παρασκευῆς
441 2187 500 2273 τῆς
531 2187 564 2264 ἐς
595 2181 655 2252 τδν
686 2183 847 2270 πόλεμον,
884 2179 928 2271 ἣν
960 2180 1123 2271 κατάβαλε

66 2288 170 2378 ομὲν
199 2290 251 2357 ἐπὶ
268 2288 347 2371 τούς
366 2290 568 2380 βαρβάρους,
596 2288 756 2377 ἐχρήσατο
785 2288 822 2358 δέ
850 2286 904 2376 ἐφ’
934 2285 1032 2377 ἡμᾶς,
1059 2287 1165 2377 τὴνεο

111 2392 208 2482 ἰσχύν
234 2402 285 2476 τίς
318 2392 389 2485 (ἀν)
423 2394 522 2476 ἀξίως
553 2394 788 2483 παραστήσειε;
821 2397 941 2464 Κελτοί
973 2397 1030 2464 καὶ
1058 2401 1124 2463 Γα-

109 2501 215 2586 λάται,
244 2506 329 2587 ἔθνη
348 2502 404 2568 καὶ
431 2515 501 2580 τοῖς
518 2500 620 2569 πάλαι
639 2503 788 2587 φανέντα
813 2501 1124 2588 δυσανταγώνιστα,
1172 2566 1175 2573 .

108 2605 266 2686 πολλάκις
293 2605 354 2693 μὲν
382 2606 625 2697 ἐπιρρεύσαντα
643 2606 795 2696 καθάπερ
814 2608 1014 2698 χειμάρρους
1040 2604 1123 2675 ἀνν-

108 2711 272 2793 πόστατος
310 2709 445 2793 Ἰταλοῖς
485 2714 540 2781 καὶ
575 2711 759 2801 Ἰλλυριοῖς,
796 2710 861 2801 ἤδη
901 2714 938 2782 δὲ
973 2712 1030 2780 καὶ
1065 2714 1124 2799 τῆς

106 2815 216 2899 Ἀσίας
252 2815 406 2907 ἁψάμενα
441 2821 487 2911 τῶ
519 2834 653 2908 κρατεῖν
688 2832 758 2899 τοῖς
795 2821 947 2899 ἐνόπλοις
983 2814 1121 2903 ἀγῶσιν,
1135 2845 1164 2886 ετ

177 3043 192 3090 2
212 3037 294 3122 ἔδρξε
312 3041 433 3110 Βουτοῖ]
453 3038 559 3105 ἔδοξαν
626 3044 643 3092 4
662 3037 704 3102 εἰς
723 3040 757 3107 V]
777 3034 814 3102 ἰς.
849 3039 999 3092 Schaefero
1018 3040 1123 3090 rectius

109 3096 259 3158 videtur
241 3125 281 3159 ων
305 3107 347 3169 εἰς
369 3125 408 3161 τε.
445 3110 506 3163 vid.
530 3109 566 3159 ad
589 3109 651 3160 700
721 3104 811 3162 δτδν
829 3102 917 3166 αύτός
936 3099 1027 3159 αύτού
1046 3106 1071 3157 V
1095 3111 1123 3157 et

109 3173 254 3227 Suidasv
236 3192 262 3227 v.
301 3169 502 3241 πειθανάηκη,
533 3167 620 3236 αύτδς
648 3167 700 3228 τὸν
728 3169 820 3230 αύτοῦ
837 3192 855 3226 v
929 3177 945 3225 9
975 3166 1056 3240 ύμῶν
1084 3173 1123 3242 V]

109 3236 192 3309 ἡμῶν
219 3237 276 3306 Ιῶς
295 3244 358 3294 εδδ.
376 3246 410 3307 H,
429 3245 496 3297 Rsk
516 3249 578 3309 post
596 3239 763 3298 κολακεύων
781 3244 846 3295 addi
863 3240 952 3293 voluit
1021 3243 1053 3294 10
1071 3243 1123 3293 τοῦ

110 3308 307 3376 στρατοπέδου
329 3310 370 3378 H]
399 3311 437 3380 τῷ
463 3308 646 3382 στρατοπεδῳ
673 3311 678 3376 Ι
727 3308 822 3364 υνδῶν
844 3307 885 3376 Η]
916 3306 1052 3391 ξυνδέων
1087 3311 1122 3360 ef.

110 3379 146 3428 ad
173 3378 255 3430 3640
326 3382 357 3430 16
374 3368 528 3459 πριᾶσθαι
550 3379 575 3430 V
649 3382 681 3431 19
703 3397 732 3439 ες
749 3376 786 3445 V]
818 3373 860 3436 εἰς
886 3378 890 3440 Ι
917 3371 1058 3445 κατεβαλε
1082 3374 1122 3444 Μ]

110 3441 255 3565 κιχτξλοὸιβχ
292 3450 352 3567 f21
371 3434 409 3499 ἀν
425 3447 580 3498 addendum
599 3462 659 3498 εεεε
683 3454 731 3499 aut
748 3442 926 3513 παραστήσει
949 3445 1125 3497 scribendum

110 3530 138 3564 τι
158 3532 166 3563 ι
222 3531 236 3566 ο
257 3530 291 3567 οε
