2392 3960
418 168 597 220 εειενοιι
615 171 658 223 ιο.
982 168 1045 234 573
1151 147 1153 152 ’

36 306 109 394 περὶ
132 309 191 392 τῆς
212 303 324 391 φήμης
347 301 411 372 οἶδ’
429 302 480 372 ὅτι
499 305 615 393 λέγων,
637 303 683 386 ῶς
699 303 805 374 πολλὰ
823 305 885 393 μὲν
903 309 1046 391 ψευδῶς,

36 409 141 479 πολλὰ
169 409 207 478 δὲ
234 407 370 496 ἀληθῶς
396 407 561 497 ἀγγέλλει,
594 410 708 481 οὔποτ’
734 408 778 480 ἀν
804 409 905 492 αὐτὸς
926 409 1046 497 ἁλοίην

36 521 343 605 ψευδομαρτυριῶν.

121 620 218 691 Ἀλλά
240 623 302 711 τὴν
324 633 514 714 παρρησίαν
533 626 595 715 τὴν
613 626 678 715 σὴν
696 636 758 696 οίει
776 625 941 714 τεττάρων
959 624 1093 694 εἷναιιιε

36 728 182 816 ὀβολῶν,
205 729 242 798 τὸ
265 731 458 820 λεγόμενον,
480 731 594 815 ἀξίαν;
618 731 679 802 ούιι
703 731 792 802 οἶσθ’
819 731 870 800 ὅτι
892 733 948 801 καί
965 741 1046 818 Θερ-

36 843 128 923 σίτης
156 839 193 904 ἐν
219 852 289 917 τοῖς
307 837 466 925 Ἕλλησιν
493 840 763 929 ἐπαρρησιάζετο,
795 841 851 908 καὶ
870 837 1048 920 Ὀδυσσεὺς

36 944 97 1029 μὲν
124 942 228 1012 αὐτὸν
256 942 273 1012 ό
302 945 526 1026 συνετώτατος
554 951 646 1015 ἔπαιε
668 951 713 1039 τῶ
737 947 908 1039 σκήπτρῳ,
939 953 984 1040 τῷ
1009 948 1047 1017 δὲ

36 1051 250 1138 Ἀγαμέμνονι
278 1055 336 1137 της
361 1059 525 1139 Θερσίτου
551 1059 727 1142 παροινίας
754 1058 890 1122 ἔλαττον
912 1059 1048 1142 ἔμελλεν

36 1155 55 1246 ἢ
88 1158 215 1246 χελώνη
248 1162 372 1244 μυιῶν,
403 1157 441 1231 τὸ
467 1162 527 1246 της
551 1165 744 1246 παροιμίας;
779 1160 868 1248 πλὴν
895 1158 937 1229 ού
964 1162 1047 1248 μέγα

36 1272 137 1355 ἔργον
161 1266 251 1333 ἐστὶν
273 1267 426 1354 ἐπιτιμῶν
449 1264 577 1351 ἀλλοις,
607 1265 728 1335 ἑαυτὸν
751 1266 788 1335 δδ
810 1265 1047 1358 ἀνεπιτίμητον
1120 1273 1124 1279 ’

36 1389 226 1460 παρασχεῖν.
272 1379 302 1441 εί
338 1375 377 1441 δέ
411 1394 465 1441 σοι
501 1372 622 1459 ταύτης
652 1373 781 1460 μέτεστι
811 1377 871 1461 τῆς
900 1379 1047 1462 μερίδος,

36 1482 202 1561 ἐπίδειξον
232 1479 319 1569 ἡμῖν.
365 1472 418 1569 ἀρ’
452 1478 507 1549 ὅτε
538 1480 615 1560 νέος
645 1469 752 1568 ἦσθα,
788 1479 892 1560 καλῶς
922 1485 1049 1562 ἔδωκας

36 1585 120 1674 ὑπὲρ
142 1592 266 1656 σαυτοῦ
284 1601 355 1667 τοῖς
371 1588 607 1675 πρεσβυτέροις
625 1583 770 1674 δμιλίας;
793 1584 866 1656 ἀλλ’
883 1587 947 1675 ἐγώ
966 1589 1049 1657 κατὰ

36 1693 98 1780 τὴν
121 1691 339 1782 Εὐριπίδειον
351 1692 537 1780 ’Ἠλεκτραν
564 1691 622 1772 τδις
647 1693 804 1774 τοιαύτας
830 1698 912 1780 σιγῶ
939 1695 1048 1782 τύχας.

36 1802 107 1868 ἐπεὶ
129 1801 184 1868 ,δὲ
219 1799 306 1889 ἀνὴρ
342 1802 483 1887 γέγονας
517 1799 572 1867 καὶ
609 1801 819 1890 στρατοπέδῳ
854 1801 1048 1889 παρέβαλες,

36 1911 179 1998 ἔπραξας
201 1912 270 1988 πῶς
292 1906 375 1996 πρὸς
397 1910 458 1975 τοῦ
482 1905 581 1989 Διόςς
614 1903 699 1993 ὑπὲρ
719 1909 779 1994 της
801 1905 962 1994 ἀληθείας
983 1908 1050 1994 φὴς

36 2014 270 2104 προσκρούσας
288 2011 511 2100 ἀπηλλάχθαι.
536 2014 572 2080 ἐκ
589 2019 693 2081 τίνων
709 2015 809 2083 τούτο
828 2015 1049 2100 ἔχωνδείξαι,

36 2122 147 2210 ῶσπερ
176 2118 216 2189 ού
243 2125 376 2189 πολλῶν
403 2120 458 2188 καὶ
485 2118 736 2208 πονηροτάτων,
767 2115 827 2206 ὑφ’
856 2111 967 2208 ῶνπερ
994 2121 1049 2188 καὶ

37 2227 140 2308 αὐτὸς
162 2226 349 2314 ἀπηλάθης,
381 2228 662 2307 ἐκτοπισθέντωυς
695 2223 737 2295 ού
758 2226 859 2296 τοῦτό
882 2228 990 2313 ἐστιν,
1022 2219 1048 2296 ῶ

37 2326 241 2405 σύνετώτατε
256 2333 429 2418 Διονύσιε,
449 2337 636 2401 σπουδαίου
652 2333 708 2402 κοιλ
724 2331 901 2421 σώφρονος
914 2331 1051 2424 ἀνδρός,

37 2442 315 2531 ἀπεχθανόμενον
333 2437 494 2507 ἀπελθεῖν
514 2453 585 2518 τοῖς
606 2442 796 2526 κρατοῦσιν.
832 2432 924 2527 ἦσθα
946 2441 984 2510 δδ
1007 2439 1050 2510 ἀν

36 2556 197 2639 βελτίων,
235 2553 265 2616 εί
294 2544 374 2627 τοὺς
403 2543 607 2633 ἀνθρώπους
638 2547 675 2613 ἐκ
704 2548 763 2632 τῆς
793 2544 877 2635 πρὸς
909 2546 1089 2617 σεαντδνῦ

110 2726 122 2772 1
144 2719 232 2785 λέγων
251 2716 364 2784 Heyler]
385 2711 470 2793 λέγω,
508 2718 525 2766 4
542 2708 597 2795 ηήν
614 2716 839 2796 παρρησίαν-ξ
858 2716 890 2770 τὸ
909 2715 960 2785 τῆς
977 2737 1050 2788 παρ·

39 2789 138 2857 οιμίας
156 2791 203 2843 eit.
224 2787 322 2840 suidas
340 2803 367 2838 v.
386 2800 528 2850 τετιαρων
546 2783 701 2863 οβολῶνμε
718 2801 744 2862 ν,
764 2786 873 2853 χελωνη
892 2783 984 2852 μυιῶν
1035 2792 1052 2840 4

40 2866 69 2910 et
88 2862 104 2909 5
126 2851 235 2922 ὀβολῶν
255 2850 332 2906 εἶναι
354 2852 428 2904 Suid.
447 2869 469 2904 ε.
492 2846 634 2918 τεττάρων
653 2851 763 2920 οβολων
848 2857 864 2907 5
891 2847 979 2920 ἀξίαν
998 2872 1050 2907 om.

40 2925 116 2980 Suid.
152 2924 203 2975 Sed
221 2923 274 2973 vid.
292 2923 417 2989 Apostol.
436 2921 511 2982 1635
525 2919 530 2986 Ι
545 2910 598 2972 ούιι
617 2912 758 2973 οἷσθ’-9
776 2922 935 2989 παροιμίας
953 2923 1052 2975 desunt

38 2993 124 3057 vulgo
140 2991 144 3058 Ι
169 2986 257 3043 οἶσθα
276 2990 364 3052 said„
382 2978 440 3042 οἷδ’
460 2988 484 3037 A
552 2991 568 3040 6
586 2985 636 3040 κοιλ
647 2975 980 3059 Ὀδυσσεύς-σκήπτρῳ
999 3007 1052 3042 om.

40 3061 118 3111 Suid.
165 3064 180 3112 8
198 3056 352 3119 παροινίας
370 3058 392 3108 Δ
412 3059 439 3108 ελ
457 3054 531 3107 Sui&
550 3071 572 3108 ε.
591 3050 732 3124 τεττάρων
752 3048 871 3124 ὀβολῶν]
890 3057 1052 3126 παρρησίας

40 3129 118 3208 ὃμίά.
132 3145 157 3206 .⁸·
178 3122 287 3207 χελώνη
306 3122 399 3208 μυιῶν
419 3129 447 3176 et
464 3122 589 3203 Apostol.
609 3128 684 3205 18319
729 3129 745 3177 9
763 3118 795 3177 τό
814 3120 867 3205 τῆς
882 3142 924 3178 πα
942 3125 1050 3208 οιμβας]

39 3215 74 3317 ε
93 3213 144 3316 υ
163 3191 765 3328 ααασαααα,νείατα
783 3183 1052 3326 {mm

41 3338 77 3385 14
106 3283 310 3412 Ερύριπίδειον]
329 3331 418 3385 Orest.
436 3330 469 3379 16
500 3328 509 3412 ι
536 3321 588 3388 τάς
607 3326 642 3394 Α]
662 3325 712 3383 καὶ
787 3331 818 3379 16
841 3325 901 3389 πῶς
918 3330 944 3378 Η
977 3279 1052 3389 όπῶς

44 3406 76 3454 19
96 3399 181 3452 τούτο
199 3398 233 3468 Α]
259 3413 368 3450 τουτων
437 3398 470 3448 20
492 3390 599 3464 ανδρὸς
616 3392 668 3448 καί
685 3388 834 3463 σώφρονος
850 3396 1008 3462 heyleriana
1025 3403 1052 3448 et

39 3469 174 3520 Hercher.
244 3471 275 3519 21
295 3456 540 3532 ἀπεχθανόμενον
558 3462 590 3533 Α]
610 3455 815 3532 ἀπεχθόμενον
878 3457 1052 3517 Ξλυεαυτὸν

39 3535 76 3603 Α]
100 3529 204 3589 ἑαυτὸν
