2370 3908
54 111 209 190 Οδεῖξαι.
255 105 382 177 ούκούν
410 112 446 177 οί
470 108 531 196 μὲν
554 106 591 177 τὸ
610 107 789 196 προγόνων
817 105 976 192 γενέσθαι
1004 108 1109 174 δυνα-

95 219 184 285 στῶν
220 217 275 284 καὶ
312 217 477 302 βασιλέων
513 215 724 301 θαυμάζουσι
761 213 863 302 μάλα,
896 209 1021 300 ὀλβίων
1054 212 1111 280 καὶ

94 320 308 409 εὐδαιμόνων
327 328 510 410 μακαρίους
529 316 821 408 ὑπολαμβάνοντες
839 317 918 399 τοὺς
936 316 1110 404 ἐκγόνους·

94 426 131 497 τὸ
166 427 202 497 δὲ
235 429 288 496 ἐπὶ
321 427 453 508 τούτοις
486 425 564 496 ούτε
597 427 778 514 ἐνενόησαυ
811 423 887 494 ούτε
915 426 1111 510 ἐσκέηιαντο,

95 542 171 603 τίνα
199 533 325 624 τρόπον
358 536 570 603 ὑιατελούσιν
602 530 757 622 ἀλλήλοις
783 532 956 621 χρεόμενοι.
1001 537 1139 599 καίτοιε

97 668 133 728 γε
161 643 259 709 τούτο
288 631 332 728 ήν
358 643 416 728 τής
445 637 598 728 εὐτυχίας
621 642 750 726 ἐκείνης
777 637 814 707 τὸ
843 637 1027 726 κεφάλαιον
1055 637 1111 705 καὶ

97 744 218 834 σχεδὸν
247 743 405 816 ἁπάντων
436 749 504 814 τῶν
533 744 625 827 ἐκτὸς
657 743 811 833 ἀγαθῶν·
844 749 876 813 εί
900 743 945 833 μή
977 770 1027 826 τις
1055 744 1113 811 καὶ

50 870 77 924 D
96 852 181 943 πρὸς
208 851 357 941 τούνομα
385 858 611 941 δυσχεραίνει,
643 850 705 940 τήν
731 854 848 940 κτήσιν
875 847 941 920 ὑπὸ
969 851 1029 940 τής
1057 854 1113 937 ἔμ-

98 987 225 1047 φρονος
252 959 400 1047 χρήσεως
428 955 562 1046 ἀγαθήν
589 959 645 1025 καὶ
674 958 808 1046 φαύλην
835 954 901 1027 ὑπὸ
929 959 987 1044 τής
1015 958 1114 1024 ἐναν-

96 1072 169 1145 τίας
197 1070 374 1151 γίγνεσθαι
403 1070 613 1151 συμβαίνειν·
647 1061 731 1132 ὥστε
758 1062 800 1133 ού
828 1066 927 1154 μέγα,
959 1061 1114 1150 καθάπερ
1130 1090 1155 1130 ιο

98 1181 242 1258 οἴονται,
274 1169 311 1239 τὸ
345 1173 506 1258 βασιλέως
537 1176 701 1239 πλουσίου
729 1172 784 1240 καὶ
817 1168 1032 1260 πολυχρύσου
1061 1195 1114 1254 γε-

98 1279 230 1363 νέσθαι,
259 1279 342 1365 μέγα
361 1276 399 1345 δὲ
427 1274 562 1364 ιἰληθῶς
588 1275 625 1346 τὸ
644 1274 706 1364 τήν
725 1273 847 1366 ἀρετήν
874 1273 937 1364 τήν
954 1274 1115 1366 πατρῴαν

99 1380 391 1472 ὑπερβαλλόμενον
433 1380 605 1470 όίμεμπτον
646 1378 751 1451 αὑτὸν
791 1397 861 1464 τοῖς
906 1383 1116 1470 γειναμένοις

99 1504 282 1578 παρασχεῖν
311 1495 357 1570 είς
381 1486 478 1558 ἅπαν»
523 1489 689 1576 βούλεσθε
717 1481 780 1558 οὖν
799 1494 830 1557 εί
846 1492 945 1558 τούτο
974 1484 1115 1577 ὑπάρχει

98 1604 232 1682 βασιλεῖ
257 1606 478 1683 καταμαθείν;
511 1597 694 1684 παρέξομαι
722 1595 759 1663 δὲ
787 1591 868 1682 ὑμῖν
897 1592 961 1681 ἐγὼ
989 1621 1114 1684 μαρτυ-
1131 1622 1156 1663 15

100 1709 178 1793 ρίαν
205 1701 340 1789 πιστήν,
373 1708 433 1770 καί
457 1729 497 1789 με
526 1698 588 1789 οὑχ
620 1701 773 1791 αίρήσετε
800 1703 1115 1791 ψευδομαρτυριῶν,

48 1833 83 1882 94
101 1799 140 1877 εὑ
168 1806 258 1877 οἶδα·
291 1804 475 1896 ὑπομνήσω
509 1806 573 1899 γὰρ
601 1804 687 1896 ὑμᾶς
719 1804 844 1891 αύτοὺς
871 1799 919 1876 οἷν
947 1817 1028 1876 ίστε·
1056 1833 1115 1875 τυ-

99 1913 161 2003 χὸν
190 1914 226 1983 δὲ
253 1917 310 1983 καὶ
337 1912 402 2003 ήδη
431 1918 492 1983 τού
520 1917 702 2002 λεγομένου
731 1917 873 2000 ξυνίετε,
902 1923 936 1982 εί
957 1941 993 1982 τε
1021 1910 1116 1982 ούπω

102 2026 222 2109 δήλου,
255 2019 376 2090 αὐτίκα
408 2021 496 2109 μύλα
533 2022 690 2110 ξυνήσετε
727 2021 947 2108 ἐννοήσαντες
982 2022 1117 2110 πρῶτον

101 2128 162 2214 μὲν
195 2123 239 2209 ὡς
276 2125 380 2196 αὑτὸν
414 2124 431 2196 ὁ
468 2126 577 2217 πατήρ
613 2124 724 2215 ἠγάπα
762 2126 1003 2216 διαφερόντως,
1042 2123 1156 2196 ούτιεο

101 2237 207 2324 πρᾷος
235 2230 283 2302 όν
315 2240 391 2302 λίαν
418 2248 488 2315 τοϊς
520 2234 673 2320 ἐγγόνοις
705 2230 786 2302 οὐδὲ
812 2236 852 2322 τῇ
886 2231 987 2320 φύσει
1013 2234 1118 2301 πλέον

100 2336 121 2426 ή
150 2344 195 2432 τῷ
223 2341 335 2431 τρόπῳ
364 2340 495 2425 διδούς,
528 2335 716 2427 ἡττώμενος
744 2339 780 2408 δὲ
809 2337 902 2427 οἶμαι
929 2341 988 2428 τής
1014 2350 1118 2427 θερα-

100 2453 195 2525 πείας
227 2447 283 2513 καὶ
316 2442 378 2513 ούκ
411 2451 511 2532 ἔχων,
545 2442 612 2531 ό,τι
644 2448 821 2533 με’μφοιτο,
854 2448 955 2535 δήλος
986 2436 1031 2534 ήν
1063 2443 1119 2514 εύ-

59 2571 185 2632 Βνους
218 2548 275 2619 ύν.
320 2552 376 2619 καὶ
409 2547 515 2619 αύτού
547 2566 685 2639 σημεῖον
712 2553 770 2638 τής
802 2552 950 2640 γνώμης,
982 2555 1119 2641 πρῶτον

101 2656 163 2745 μὲν
192 2655 243 2726 ὅτι
270 2663 495 2749 Κωνσταντίρι
523 2656 650 2745 ταύτην
682 2658 782 2738 ἐξεῖλε
809 2657 870 2746 τήν
903 2672 1042 2750 μοῖραν,
1071 2655 1119 2747 ήν
1133 2687 1156 2728 ετ

186 2884 203 2932 3
225 2872 361 2948 ἐκγόνους
382 2879 452 2948 VM]
477 2874 613 2947 ἐγγόνους
682 2884 699 2931 4
722 2873 883 2947 ἐσκέψαντο
905 2878 976 2949 VM]
1001 2875 1118 2935 ἐπεσκέ-

100 2957 197 3013 ψαντο
266 2951 282 3000 5
311 2940 445 3031 ἀλλήλοις
474 2949 609 3000 Petavius
638 2950 735 3001 merito
765 2954 921 3015 corruptum
949 2966 1010 3002 esse
1041 2952 1118 3002 dicit.

102 3017 263 3081 Requiritur
286 3020 348 3075 τοῖς
367 3018 495 3080 αγαθοῖς
517 3016 560 3068 vel
578 3017 668 3068 simile
688 3018 760 3083 quid'
822 3021 838 3068 6
856 3008 970 3084 ἐκείνης
987 3015 1024 3084 V]
1044 3012 1119 3071 ἐκεί-

101 3101 163 3144 νοις
232 3087 264 3135 10
290 3084 444 3150 γίγνεσθαι
472 3081 506 3165 V]
532 3082 671 3150 γίνεσθαι
742 3087 772 3135 12
799 3085 853 3150 τήν
879 3077 1018 3155 πατρῴαν
1039 3084 1117 3152 VM]

100 3146 239 3222 πατρῴαν
309 3154 340 3204 15
363 3148 435 3219 ὑμῖν
456 3145 510 3218 ἐγω
528 3149 562 3219 V]
585 3144 641 3219 ἐγιό
663 3144 734 3218 ὑμῖν
804 3155 836 3203 16
857 3151 1118 3219 ψευδομαρτυριῶν

101 3220 169 3287 VM]
190 3218 444 3285 ψευδομαρτυρίοις
505 3222 537 3270 17
556 3212 675 3287 αύτούς]
695 3221 757 3271 Ηοο
776 3225 824 3271 aut
843 3221 1053 3286 expungendum
1070 3227 1132 3272 auh

99 3282 185 3408 χχλτολ
204 3288 376 3411 εοχὶόεοόαω
446 3290 478 3340 18
498 3285 525 3341 εί
543 3284 576 3340 δὲ
593 3280 679 3354 μήπω
696 3290 724 3339 H
792 3291 824 3338 21
844 3278 974 3354 ἐκγόνοις
991 3291 1020 3340 Μ
1084 3291 1119 3340 22

153 3373 204 3411 om.
