2370 3908
106 199 149 262 44
409 201 554 253 IULIANI
575 201 820 255 IMPERATORIS

107 339 183 414 θαι,
215 330 337 396 τοῦτον
365 328 401 393 οί
424 324 486 414 τήν
510 324 624 396 Ἀσίαν
657 330 828 409 οἰκοῦντες
859 324 1036 419 ἅνθρωποι
1064 328 1123 420 ἐφ’

107 430 231 515 αὑτοὺς
263 432 440 524 ῶρμήσθαι
466 436 601 515 πάντως
628 429 811 521 ὑπέλαβον,
843 434 951 527 τοότφ
978 438 1122 526 πολεμή-

67 567 88 622 c
107 561 179 609 σειν
206 537 271 629 ήδη
290 542 365 631 περὶ
392 543 451 628 τής
468 539 582 611 αὑτῶν
599 542 656 610 καὶ
674 543 803 629 Πέρσαι
829 542 1123 631 παρεσκευάζοντο.

108 642 125 715 ὁ
155 646 192 715 δὲ
210 643 312 738 μικρά
336 641 400 735 μὲν
418 645 566 734 ἐνόμιζεν
585 644 673 718 είναι
699 645 740 714 τά
762 647 913 736 παρόντα
940 649 995 716 καὶ
1013 648 1124 718 πόνον
1157 666 1160 671 ’

108 748 150 821 οὐ
187 751 296 822 πολὺν
327 751 387 842 τής
423 755 484 841 σῆς
515 760 681 834 συνέσεως
712 754 768 822 καὶ
787 753 918 842 ’ροόμής
949 756 1157 843 κρατήσαιμι

45 918 48 923 ,
107 856 186 939 τοὺς
216 854 332 929 Ἰνδῶν
364 857 403 926 δὲ
434 859 566 930 ἐσκόπει
597 859 766 941 πλούτους
797 861 854 928 καί
885 863 1029 948 Περσῶν
1060 858 1126 948 τήν

107 966 337 1034 πολυτέλειαν·
366 964 452 1054 [καί]
480 971 644 1037 τοσοῦτον
662 961 753 1057 αότῶ
779 968 900 1055 περιήν
923 962 1040 1046 ἀνοίας
1066 969 1125 1036 καὶ

108 1071 261 1155 θράσους
288 1076 325 1141 ἐκ
350 1075 473 1162 μικροῦ
490 1075 660 1152 παντελῶς
686 1073 762 1160 περὶ
785 1070 864 1152 τοὺς
891 1072 1125 1156 κατασκόπους

106 1177 400 1266 πλεονεκτήματος,
429 1173 490 1259 οὓς
518 1174 732 1264 ἀφυλάκτους
751 1175 812 1266 ὅλῃ
834 1180 875 1266 τῇ
904 1180 1039 1268 στρατιᾷ
1067 1187 1124 1247 λο-

107 1280 210 1368 χήσας
251 1288 404 1353 ἔκτεινεν.
456 1279 544 1354 οὕτω
585 1280 622 1357 τὸ
658 1284 815 1374 πράττειν
856 1274 895 1352 εὖ
930 1282 1020 1372 παρά
1061 1282 1124 1371 τὴν
1138 1303 1169 1345 10

108 1383 204 1467 ἀξίαν
232 1385 316 1478 ἀρχή
348 1389 506 1469 πολλάκις
538 1393 657 1478 γε’γονε
683 1405 753 1472 τοῖς
780 1388 936 1477 ἀνοήτοις
962 1389 1124 1476 μειζόνων

62 1497 302 1583 Βσυμφορῶυ.
349 1493 466 1583 ἀρθεὶς
492 1495 557 1587 γάρ
581 1495 763 1578 ὁδείλαιος
790 1493 857 1565 ὑπὸ
884 1498 942 1583 τής
969 1492 1124 1583 εὐτυχίας

107 1598 228 1686 ταύτης
264 1602 427 1691 μετέωρος
467 1607 620 1674 κατέλιπε
655 1603 717 1690 μὲν
753 1600 793 1670 τὰ
829 1608 1029 1690 προκείμενα
1065 1604 1125 1689 τῆς

104 1701 243 1786 Ἰταλίας
270 1703 395 1796 ἐρυμνά
425 1717 541 1797 χωρία,
570 1714 604 1791 ἐς
621 1707 800 1799 Νωρικοὺς
828 1709 865 1777 δὲ
891 1710 948 1775 καὶ
971 1713 1124 1789 Παίονας

108 1806 308 1898 ἀφυλάκτως
334 1809 400 1901 ᾔει,
429 1819 502 1883 δεῖν
530 1812 621 1908 αὑτῶ
649 1816 784 1902 τάχους,
818 1810 889 1882 ἀλλ’
921 1810 982 1900 οὐχ
1010 1810 1123 1881 ὅπλων
1138 1832 1169 1879 1⁵.

108 1912 190 1985 οὐδὲ
218 1914 376 2008 ἀνδρείας
403 1921 565 2008 οἰόμενος.
611 1916 630 1991 δ
659 1919 700 2010 δή
729 1917 934 2008 καταμαθὼν
962 1922 1123 2006 ἐπανῆγες

107 2018 172 2090 ἀπὸ
201 2026 269 2092 τῶν
297 2030 495 2115 δυσχωριῶν
513 2026 551 2098 τὸ
571 2027 770 2117 στράτευμα,
797 2031 905 2096 εἵπετο
930 2025 967 2093 δὲ
986 2027 1124 2111 ἐκεῖνος,

68 2152 73 2161 ·
109 2127 254 2216 διῶκειν,
283 2129 358 2218 οὐχὶ
383 2132 419 2201 δὲ
447 2144 791 2224 καταστρατηγεῖσθαι
810 2138 959 2220 νομίσας,
987 2133 1050 2211 ἕως
1077 2137 1125 2212 είς

53 2262 89 2311 36
107 2232 169 2322 τήν
206 2233 417 2326 εὐρυχωρίαν
454 2238 554 2328 άμφω
590 2239 774 2326 κατέστήτε.
819 2240 887 2305 τῶν
922 2241 1049 2305 πεδίων
1087 2237 1124 2306 δὲ

106 2342 175 2409 τῶν
202 2339 266 2432 πρὸ
299 2347 357 2432 τής
384 2346 528 2434 Μάρσης
556 2341 751 2431 ὀφθέντων,
779 2343 951 2412 ἐτάττοντο
980 2341 1042 2430 μὲν
1070 2345 1122 2412 ἐπὶ
1138 2362 1167 2402 2⁰

107 2448 212 2536 κε’ρως
245 2452 354 2528 ίππεῖς
382 2452 538 2539 ἑκατέρου
570 2456 664 2532 πεζοί
692 2476 727 2517 τε
759 2453 796 2518 ἐν
827 2451 929 2540 μέσφ’
967 2455 1053 2536 ἔχων
1087 2450 1124 2518 δὲ

108 2549 224 2639 αι’πός,
258 2545 285 2620 ῶ
312 2558 465 2642 βασιλεῦ,
496 2553 559 2625 τὸν
585 2553 735 2643 ποταμὸν
763 2559 800 2625 ἐν
828 2557 933 2646 δεξιᾷ,
965 2558 1011 2648 τῶ
1040 2559 1123 2647 λαιῷ

106 2654 186 2739 τούς
217 2665 396 2746 πολεμίους
428 2656 717 2751 ὑπερβαλλόμενος
749 2663 873 2751 ἐτρίφω
901 2660 963 2749 μὲν
995 2658 1124 2741 εὐθέως

106 2765 162 2832 καὶ
191 2767 346 2846 διέλυσας
373 2763 436 2854 τήν
464 2767 622 2854 φάλαγγα
656 2765 736 2837 οὐδὲ
762 2765 826 2854 τήν
854 2765 962 2856 ἀρχὴν
990 2787 1121 2851 συγκει-

45 2909 52 2921 ·
106 2872 212 2958 μένην
239 2867 363 2960 ὀρθῶς,
391 2869 448 2941 ἅτε
466 2870 591 2963 ἀνδρὸς
618 2870 758 2961 ἀπείρου
776 2875 930 2961 πολέμων
947 2872 1002 2940 καὶ
1022 2890 1120 2959 στρα-
1136 2891 1165 2930 25

105 2983 222 3064 τήγίας
250 2974 357 3065 αὐτὴν
384 2979 626 3067 κοσμήσαντος.
663 2974 681 3046 δ
705 2977 742 3045 δὲ
769 2980 850 3059 τέως
878 2976 1012 3047 διώκειν
1039 2972 1122 3044 ὑπο-

177 3163 191 3209 1
210 3151 365 3225 ἅνθρωποι
382 3162 408 3213 si
426 3161 573 3223 deleveris,
592 3167 740 3227 suspectus
758 3160 872 3213 tolletur
889 3159 983 3210 hiatus
1040 3162 1123 3210 Iet2

105 3220 156 3293 ἀφ’
175 3219 281 3286 αὐτοὺς
301 3227 425 3294 Schaef.]
443 3220 485 3280 ἐπ’
505 3221 612 3290 αότοάς
680 3232 766 3282 2et3
784 3230 920 3294 πολεμεῖν
937 3227 972 3280 Η.
996 3228 1057 3279 vid.
1070 3227 1121 3278 00-

105 3296 185 3346 betus
208 3295 339 3350 Mnemon.
359 3298 389 3347 11
412 3313 438 3362 p.
456 3299 507 3349 354
578 3289 714 3350 3αδτῶν
736 3295 770 3364 V]
795 3287 891 3350 αότῶν
966 3293 1054 3347 λιταί
1078 3310 1121 3345 ιο-

105 3362 238 3414 clusitH
306 3365 339 3413 14
362 3363 501 3430 νωρίκους
524 3363 583 3415 VM
653 3368 684 3417 15
708 3359 785 3418 αότῶ
809 3365 868 3415 VM
937 3366 969 3415 18
995 3361 1122 3440 είςῩΜ]

105 3422 134 3489 ἒς
220 3433 254 3481 20
271 3435 299 3480 et
316 3434 348 3480 21
376 3425 424 3483 ἐπὶ
446 3428 535 3498 κέρως
556 3434 645 3496 wytt.
687 3425 842 3500 ἐπικαίρως
928 3435 960 3481 22
984 3430 1021 3499 τῷ
1050 3432 1122 3496 λαιφ

20 3532 26 3549 .
106 3494 139 3550 δὲ
162 3499 230 3551 Rsk.
301 3500 334 3550 23
356 3489 652 3566 διιερβαλλόμενοςλ1
692 3494 928 3567 ὑπερβαλόμενος
997 3501 1030 3548 24
1052 3488 1123 3550 οὐδὲ

102 3564 171 3617 Rsk.
192 3573 220 3618 et
238 3563 360 3632 Sehaefl]
378 3559 445 3620 οὔτε
