2392 3960
473 106 610 160 ORATIO
630 109 677 160 ω.
1015 109 1079 175 261

71 231 240 303 πολιτικόν
268 237 351 326 ζῷον
378 233 438 304 τὸν
466 233 651 325 ἄνθρωπον
677 233 779 323 εἶναι,
806 238 863 306 καί
889 235 969 319 τοὺς
997 259 1079 328 συμ-

71 342 347 429 πολιτευομένους
371 338 553 429 ιόφέλησαν
580 339 623 412 οὐ
654 358 724 424 τοῖς
750 349 993 432 παραδείγμασι
1021 345 1080 433 μό-

70 472 146 534 νον,
183 444 266 516 ἀλλὰ
302 449 359 517 καὶ
395 462 465 529 τοῖς
501 448 621 536 λόγοις,
673 447 764 531 ὅστις
800 441 864 519 οὖν
900 447 944 519 ἀν
980 453 1080 542 ἐθέλη
1097 467 1123 521 D

71 553 217 636 Κνυικδς
244 552 330 622 εἶναι
357 556 413 623 καὶ
442 553 672 638 σπουδαῖος’
653 557 755 645 αυήρ,
783 552 890 626 αὑτοῦ
916 557 1080 649 πρότερον

34 658 337 784 δέπιμεληθείς,
317 658 427 790 ω’σπερ
446 667 614 769 Διογένης
632 691 674 732 κα
677 663 850 753 λΚράτης,
879 665 1080 745 ἐξελαννέτω

69 765 128 854 μέν
159 770 219 854 τῆς
254 771 363 855 ψυχῆς
399 765 530 837 ἀπαντα
563 771 599 838 ἐκ
630 770 739 857 πάσης
769 767 810 838 τὰ
841 769 951 858 πάθη,
985 768 1080 864 ὀρθῷ
1173 768 1176 775 ’

70 873 106 943 δὲ
132 875 308 962 ἐπιτρέψας
333 873 374 943 τδι
402 873 481 944 καθ’
511 874 633 945 ἑαυτὸν
650 876 739 968 λόγῳ
767 877 822 944 καὶ
841 879 889 968 νῷ
916 877 1079 967 κυβερνά-

70 991 151 1050 σθω.
197 981 381 1069 κεφάλαιον
409 980 472 1073 γὰρ
501 973 558 1071 ἦν,
591 978 636 1064 ὡς
662 980 727 1070 ἐγω
756 980 863 1071 οἶμαι,
895 985 994 1053 τοῦτο
1022 986 1080 1072 τῆς
1157 1052 1166 1079 ⁸

68 1089 256 1176 Διογένους
283 1096 493 1178 φιλοσοφίας.
538 1094 570 1159 εί
595 1089 633 1158 δὲ
652 1091 766 1180 ἑταίρᾳ
790 1089 869 1159 ποτέ
887 1092 1082 1179 προσῆλθεν
1171 1090 1174 1095 ’

27 1191 86 1264 1οδ
115 1192 215 1287 ἀνήρ·
242 1203 350 1265 καίτοι
377 1197 434 1265 καί
460 1199 560 1265 τοῦτο
587 1195 691 1285 τυχὸν
723 1193 808 1278 ἅπαξ
836 1192 857 1285 ἢ
886 1193 966 1266 οὐδὲ
995 1193 1080 1278 ἅπαξ

67 1305 211 1392 ἐγένετο·
240 1299 323 1372 όταν
350 1299 431 1390 ἡμῖν
448 1301 489 1371 τὰ
517 1300 600 1372 ἀλλα
618 1304 701 1372 κατὰ
723 1301 784 1371 τὸν
802 1305 950 1390 Διογένη
978 1304 1134 1391 γένη-ποι

67 1437 122 1479 ται
150 1415 349 1497 σπουδαῖος,
378 1405 422 1478 ἀν
441 1406 528 1478 οὕτω
546 1412 640 1500 φανῇ
669 1412 725 1480 καὶ
743 1409 899 1479 τοιοῦτόν
925 1437 957 1477 τι
976 1409 1083 1497 φάναι
1156 1472 1164 1481 ,

68 1520 224 1608 φανερῶς
252 1519 289 1586 ἐν
317 1514 507 1606 ὀφθαλμοῖς
533 1517 680 1605 πάντων,
708 1514 750 1587 οὐ
777 1515 976 1606 μεμψόμεθα
1000 1513 1082 1585 οὐδὲ
1164 1595 1167 1599 ,

66 1624 297 1712 αἰτιασόμεθα.
342 1623 506 1713 πρότερον
543 1625 656 1711 μέντοι
687 1621 749 1713 τὴν
782 1625 969 1709 Διογένους
1000 1617 1102 1711 ἡμῖν’

26 1751 54 1795 1⁵
67 1731 316 1819 ἐπιδειξάμενος
346 1727 531 1817 εὐμάθειαν
558 1731 613 1799 καί
642 1729 702 1819 τὴν
734 1727 910 1828 ἀγχίνοιαν
936 1730 993 1798 καὶ
1020 1727 1083 1817 τὴν

67 1838 107 1906 ἐν
138 1851 208 1919 τοῖς
240 1834 352 1919 ἀλλοις
383 1833 507 1905 ἅπασιν
539 1838 749 1927 ἐλευθερίαν,
784 1833 999 1922 αὐτάρκειαν,
1033 1839 1082 1904 δι-
1128 1839 1131 1845 ’

65 1943 266 2032 καιοσιίνην,
294 1943 532 2033 σωφροσύνην,
560 1939 747 2030 εὐλάβειαν,
766 1941 873 2032 χάριν,
901 1941 1082 2030 προσοχήν,
1147 1990 1150 1995 -

67 2047 115 2131 ὡς
142 2049 249 2139 μηδὲν
277 2054 347 2140 εἰκῇ
365 2048 450 2139 μηδὲ
477 2048 584 2138 μάτην
603 2048 687 2138 μηδὲ
714 2046 843 2135 ἀλόγως
861 2061 984 2117 ποιεῖν·
1013 2047 1118 2118 ἐπεὶΒ

65 2158 125 2226 καὶ
162 2159 265 2226 ταῦτα
301 2161 359 2246 τῆς
395 2148 603 2243 Διογένους
619 2157 688 2224 ἐστὶ
726 2161 928 2245 φιλοσοφίας
965 2159 1082 2223 οἰκεῖα·

21 2286 50 2329 ιο
65 2270 212 2334 πατείτω
244 2264 371 2352 τάφον,
402 2264 624 2346 καταπαιζέτω
656 2265 725 2331 τῶν
756 2259 796 2331 τὰ
828 2260 889 2349 μὲν
917 2257 1084 2346 ἀναγκαῖα
1155 2288 1159 2293 ·

65 2370 128 2457 τῆς
165 2370 299 2458 φύσεως
334 2376 415 2459 ἔργα
451 2369 667 2458 κρυπτόντων
700 2371 737 2438 ἐν
769 2367 890 2458 σκότφ’
928 2367 1013 2455 φημὶ
1047 2365 1085 2434 δὲ
1150 2379 1153 2383 ’

65 2479 139 2545 τῶν
166 2477 420 2565 περιττωμάτων
446 2474 504 2557 τὰς
531 2477 704 2564 ἐκκρίσεις·
737 2477 775 2544 ἐν
801 2476 917 2563 μέσαις
948 2471 986 2543 δὲ
1012 2486 1085 2553 ταῖς

28 2663 31 2667 ,
67 2580 210 2673 ἀγοραῖς
228 2585 283 2652 καὶ
310 2598 382 2665 ταῖς
400 2583 539 2653 πόλεσιν
566 2581 831 2670 ἐπιτηδευόντων
853 2578 894 2649 τὰ
912 2579 1084 2672 βιαιότατα

66 2691 127 2758 καὶ
155 2688 260 2777 μηδὲν
278 2685 375 2778 ἡμῶν
393 2695 497 2759 οἰκεῖα
515 2691 555 2779 τῇ
579 2688 691 2776 φύσει,
718 2687 895 2778 χρημάτων
923 2682 1085 2776 ἁρπαγάς,

21 2819 51 2861 ετ
69 2802 313 2883 συκοφαντίας,
340 2793 472 2885 γραφδις
499 2792 654 2882 ἀδίκους,
682 2795 811 2877 διώξεις
837 2791 948 2863 ἀλλων
974 2791 1084 2861 τοιού-

67 2929 141 2970 των
182 2906 409 2993 συρφετωδῶν
450 2902 679 2992 πραγμάτοιν.1
716 2902 786 2970 ἐπεὶ
827 2900 883 2969 καὶ
920 2899 1086 2986 Διογένης
1165 2926 1175 2940 “

68 3018 137 3077 εἴτε
164 3006 355 3099 ἀπέπαρδεν
382 3018 447 3078 είτε
474 3005 685 3096 ἀπεπάτησεν
712 3017 776 3076 εἴτε
803 3004 884 3075 ἀλλο
911 3032 943 3075 τι
970 3007 1127 3076 ποιοῦ-0-

143 3217 174 3264 12
197 3209 341 3280 φάνοιι],,
347 3214 421 3265 Ρονῖ.
441 3210 544 3281 δρᾶνέ(
563 3214 624 3266 Pet.
652 3212 736 3276 Δρῶν
754 3212 848 3280 potius
866 3227 908 3263 me
929 3210 1022 3276 judice
1039 3209 1086 3261 vel

71 3275 193 3347 δράσας.
230 3282 393 3348 Quanquam
412 3298 446 3334 ne
467 3281 634 3348 sicquidem
659 3283 737 3332 Ιοοιιε
754 3285 899 3346 corruptus
919 3281 1088 3354 persanatujr

72 3353 106 3404 18
128 3345 221 3416 μηδὲν
242 3347 321 3429 Η]μ
323 3345 398 3413 ηθδν
485 3352 517 3401 19
543 3341 603 3401 ἐστὶ
626 3345 666 3416 Η]
693 3344 748 3401 είσλ
834 3348 868 3398 26
894 3342 1087 3424 σνρφετωδῶν

72 3414 151 3484 θεῖε]
182 3431 354 3497 συρφετων.
379 3417 439 3482 Ego
468 3415 642 3482 conjeceram
669 3410 796 3480 διάξεις,
824 3405 938 3466 ἄλλων
936 3408 1090 3464 τοιούτων

71 3481 219 3550 συρφετὸν
236 3477 412 3552 πραγμάτων
