2392 3960
500 183 634 235 ORATIO
653 185 676 234 I.
796 261 802 272 .
1054 181 1095 245 41

81 325 268 401 παρασχεῖν
304 314 350 403 τῷ
388 312 522 397 μεγέθει
558 310 620 397 μέν
652 310 829 398 ἐνάμιλλον
860 327 931 394 ταῖς
963 316 998 383 ἐκ
1030 316 1098 382 τῶν

82 416 197 489 ὅπλων
224 419 502 505 περιγινομέναις,
530 413 635 504 εῦαγη
654 416 692 485 δέ
705 419 774 486 ’καλ
792 419 958 507 καθαράν,
987 416 1096 509 ὥσπερ
1114 436 1143 490 Β

82 527 197 613 ἱερέως
224 525 258 604 ές
284 526 371 592 θεοῦ
398 526 593 610 φοιτῶντος,
621 519 689 591 ἀλλ’
720 520 761 592 οῦ
788 526 950 612 βασιλέως
978 527 1011 606 ές
1037 527 1097 595 πό-

80 640 200 720 λεμον,
233 635 333 718 ἔργον
365 630 564 717 γενομένην;
596 635 705 698 καίτοι
732 657 769 716 γε
800 627 867 718 μὴν
899 631 1020 719 ταύτης
1052 638 1097 701 εί-

54 737 167 806 ικόνα
204 739 262 823 τῆς
298 735 446 824 πράξεως
487 738 601 826 μακρῷ
642 738 840 823 λειπομένην
876 739 932 805 καὶ
968 739 1098 826 Πέρσαι

82 844 263 932 θρυλοῦσι,
289 837 369 922 τοῦς
387 847 537 931 Δαρείου
565 846 688 921 παῖδας
710 844 771 909 τοῦ
797 841 921 931 πατρὸς
947 843 1097 931 τελευτη-

82 968 206 1030 σαντος
232 943 317 1037 ὑπὲρ
344 950 403 1035 τῆς
430 944 533 1036 ἀρχῆς
556 950 821 1035 διαφερομένους
849 951 925 1036 δίκη
952 946 993 1016 τά
1019 945 1095 1018 καθ’

82 1050 209 1135 αὐτοῦς
236 1055 292 1122 καὶ
320 1049 362 1122 οῦ
389 1056 429 1142 τῇ
456 1056 525 1121 τῶν
553 1050 666 1121 ὅπλων
694 1054 873 1142 ἐπιτρέψαι·
891 1059 1006 1143 κρίσει.
1044 1055 1098 1123 σοὶ

82 1160 120 1231 δέ
147 1158 232 1250 πρὸς
259 1159 320 1248 μὲν
337 1155 417 1239 τοὺς
444 1155 612 1247 ἀδελφοὺς
631 1155 709 1228 οὔτε
733 1162 769 1228 έν
792 1174 862 1240 τοίς
889 1159 1002 1246 λόγοις
1020 1157 1098 1229 οῦτε

42 1268 120 1335 ιοέν
152 1281 224 1347 τοῖς
255 1271 366 1355 ἔργοις
398 1261 491 1352 ἀγὼν
524 1267 663 1351 γέγονεν
695 1263 777 1334 οὐδὲ
809 1259 868 1345 εἷς·
901 1271 1028 1356 ἔχαιρες
1061 1266 1141 1336 (λέῠ

84 1370 178 1459 οἶμαι
205 1374 251 1463 τῷ
279 1368 398 1458 κοινὴν
425 1368 509 1460 πρὸς
527 1372 676 1451 ἐκείνους
703 1369 793 1439 εἷναί
818 1392 871 1440 σοι
897 1370 960 1460 τὴν
988 1374 1097 1460 έπιμέ-

82 1486 177 1546 λειαν
205 1480 331 1565 μᾶλλον
358 1472 378 1565 ἢ
407 1479 453 1568 τῷ
476 1475 580 1564 μόνος
607 1472 764 1545 ἁπάντων
782 1479 943 1563 γενέσθαι
970 1478 1097 1566 κύριος·

82 1582 167 1673 πρὸς
196 1583 232 1652 θλ
260 1581 320 1652 τὸν
347 1580 465 1669 ἀσεβὲς
491 1581 553 1669 μὲν
580 1577 600 1670 ἢ
628 1582 825 1671 παράνομον
858 1579 960 1651 οῦδὲν
987 1589 1097 1673 είργα-

83 1691 219 1777 σμένον,
248 1686 388 1758 ἀπιστον
408 1687 445 1757 δέ
472 1691 512 1777 τῇ
534 1686 650 1776 γνώμη
679 1690 827 1775 φανέντα
848 1688 913 1778 (ἐν)
942 1690 1097 1777 ἐλέγχοις,

45 1802 119 1864 15οἳ
143 1793 206 1883 τὴν
234 1793 391 1864 ἀπιστίαν
417 1796 549 1863 ἐκείνου
577 1797 732 1875 δείξουσι.

167 1901 300 1989 Ταύτην
327 1903 493 1988 ἐκδέχεται
521 1906 674 1989 στρατεία
701 1898 834 1989 λαμπρὰ
860 1898 923 1987 τὴν
951 1906 1097 1990 δημηγο-

82 2013 162 2095 ρίαν
203 2009 259 2076 καλ
299 2007 440 2095 πόλεμος
478 2005 576 2096 ἱερός,
613 2002 674 2092 οὐχ
710 2002 794 2095 ὑπὲρ
832 2009 925 2095 ίεροῦ
960 2014 1097 2095 χωρίου,

83 2108 204 2182 ὁποῖον
235 2110 295 2181 τὸν
329 2109 483 2181 Φωκικὸν
516 2108 684 2198 ἀκούομεν
716 2114 872 2199 ἐνστῆναι
904 2111 986 2180 κατὰ
1018 2109 1098 2192 τοὺς

83 2224 286 2307 ἔμπροσθεν,
315 2215 386 2287 ἀλλ’
416 2213 500 2306 ὑπὲρ
528 2219 596 2285 τῶν
623 2215 738 2303 νόμων
765 2218 821 2284 καὶ
848 2220 907 2305 τῆς
933 2223 1098 2299 πολιτείας
1115 2232 1144 2286 D

42 2326 138 2393 εοκαὶ
167 2324 280 2413 φόνου
306 2327 451 2392 πολιτῶν
478 2328 624 2412 μυρίων,
657 2314 705 2391 dv
732 2320 811 2402 τοὺς
838 2322 899 2409 μὲν
927 2320 1096 2413 ἀνηρήκει,

80 2428 162 2510 τοὺς
199 2429 236 2499 δὲ
272 2432 442 2518 ἐμέλλησε,
478 2426 558 2509 τοὺς
595 2428 632 2497 δὲ
678 2431 866 2517 ἐπεχείρησε
906 2436 1097 2516 συλλαβεῖν,

82 2532 193 2625 ὥσπερ
222 2534 314 2624 οἶμαι
338 2532 457 2615 &adds
475 2534 519 2623 μη
537 2563 587 2615 τις
614 2531 718 2604 αὐτὸν
744 2540 884 2622 πολίτην
912 2535 1097 2625 μοχθηρόν,

82 2638 155 2710 ἀλλ’
187 2638 262 2729 οὐχὶ
290 2641 463 2730 βάρβαρον
490 2637 645 2729 ῦπολάβη
664 2640 773 2728 φύσει.
809 2639 850 2709 τά
869 2640 933 2730 γὰρ
962 2647 1009 2721 είς
1036 2639 1097 2728 την

82 2745 147 2835 σὴν
175 2753 286 2816 οἰκίαν
314 2744 499 2835 ἀδικήματα
528 2743 668 2828 οῦδενὸς
695 2744 776 2815 ὅντα
803 2749 871 2814 τῶν
899 2749 996 2835 κοινῇ
1023 2755 1096 2814 τολ-

43 2870 69 2911 25
81 2855 261 2943 μηθέντων
289 2850 379 2945 αὐτῷ
398 2853 588 2942 φαυλότερα
616 2855 671 2921 καί
690 2853 864 2933 έλάττονος
882 2849 999 2933 ἀξιοῦν
1028 2849 1097 2944 ᾆίου

149 3078 166 3125 2
189 3072 421 3208 περιχινομὲναις
443 3073 484 3141 Μ]
507 3072 754 3157 παραγινομέναις
771 3078 809 3154 V,
831 3071 1058 3155 προχενομέναις
1079 3090 1098 3123 v

80 3135 145 3202 θές
162 3144 220 3195 VM
268 3161 285 3195 κ
353 3144 489 3194 4καίτοι
507 3160 539 3210 γε
557 3160 615 3225 μην
633 3141 715 3209 Rsk.]
732 3160 782 3195 και
800 3156 921 3210 στιγμην
989 3143 1128 3205 6θρυ-·

84 3208 166 3263 λοῦσι
188 3208 226 3276 H]
249 3209 411 3274 θρυλλοῦσι
483 3214 514 3263 13
538 3228 569 3263 το
594 3205 697 3277 ἀσεβές
720 3211 745 3261 V
815 3213 846 3261 14
870 3205 901 3262 έν
924 3209 986 3262 add.
1004 3208 1096 3272 1³st

83 3269 202 3345 ἐλέγχου
220 3292 265 3329 σοι
283 3280 308 3329 V
377 3282 408 3330 16
431 3272 551 3344 στρατιά
568 3280 594 3331 V
663 3281 693 3329 1⁷
718 3275 767 3330 καὶ
785 3270 801 3330 ὁ
819 3271 944 3343 πόλεμος
961 3276 987 3327 V
1014 3274 1018 3341 Ι
1044 3268 1079 3327 οῦ

83 3360 135 3396 om.
153 3345 187 3410 V,
206 3346 255 3397 sed
274 3345 370 3397 eadem
388 3362 486 3397 manus
504 3361 524 3401 ε.
543 3362 569 3397 v.
587 3346 694 3398 addidit
763 3349 796 3399 18
814 3341 952 3412 ἐνστῆναι
970 3293 1097 3409 Schaefj

83 3411 188 3479 στῆναι
205 3430 236 3473 v,
260 3411 400 3465 συστ”ναι
417 3414 475 3464 Pet.
543 3416 577 3465 20
599 3406 737 3482 ἀνῃρήκει
755 3413 794 3480 Η]
818 3404 946 3479 ἀνῄρηκε
966 3412 1000 3468 V,
1024 3403 1062 3462 οἷν
1075 3403 1097 3447 ’-

82 3496 225 3615 κιαι
330 3430 768 3614 ἶιέγιιιλέιανει
837 3484 870 3532 ²³
887 3472 957 3547 ν
980 3477 1014 3545 ‘⁷1
1036 3426 1082 3532 ί
1092 3476 1097 3545 ¹
