2392 3960
433 156 435 160 ’
496 158 628 211 οαιωο
646 158 709 209 vn.
1037 159 1095 224 301

86 281 124 352 τὸ
154 285 227 371 φῶς
255 289 413 352 διικνεῖτο
432 285 490 371 τῆς
518 287 554 353 ἐκ
576 288 637 354 τοῦ
656 286 818 373 βασιλέως
845 282 951 380 αὐγῆς
973 281 1100 373 Ἡλίου,

82 386 197 479 Ὁρᾷς,
236 388 320 475 εἷπε,
357 387 417 458 τὸν
449 386 590 471 ἀνεψιὸν
621 389 681 460 τὸν
713 391 937 482 κληρονόμους
970 393 1025 461 καὶ
1054 390 1101 478 ὅς,

82 492 185 586 Ὁρῶ,
223 501 298 583 ἔφη.
352 502 395 563 Τί
430 497 481 580 δέ;
518 495 597 578 τοὺς
634 498 821 586 βουκόλους
856 499 1014 568 τουτουσί
1046 499 1101 567 καὶ

86 601 167 683 τοὺς
195 604 368 690 ποιμένας,
396 604 452 671 καὶ
479 603 621 685 τούτους
649 600 734 693 ὁράν
753 603 844 681 εἶπεν
872 600 890 673 6
918 610 1101 686 νεανίσκος.

57 708 246 790 εΠοταπὸς
273 700 336 777 οὖν
354 714 404 790 τίς
427 729 480 778 σοι
499 705 517 778 6
536 711 743 799 κληρονόμος
761 717 930 809 φαίνεται;
958 711 1177 780 ποταποὶΒ

87 813 121 884 δ’
152 806 196 883 αὖ
225 820 260 884 oc
284 817 438 903 ποιμένες
456 843 491 884 τε
509 817 565 884 καὶ
593 816 766 904 βουκόλοι,
794 812 892 886 καί
878 844 896 884 ο
916 823 1102 903 νεανίσκος,

83 918 123 990 Ὁ
159 923 222 1008 μέν
258 950 330 1010 μοι,
367 927 447 1010 ἔφη,
485 928 602 991 δοκεῖ
617 922 790 1006 νυστάζειν
826 921 867 991 τά
904 922 1009 992 πολλὰ
1046 923 1102 991 καὶ

86 1029 338 1116 καταδυόμενος
370 1029 558 1116 λεληθότως
594 1025 799 1118 ἡδυπαθεῖν,
832 1032 900 1097 τῶν
931 1030 1103 1117 ποιμένων

87 1135 127 1204 δὲ
146 1132 262 1221 ὀλίγον
280 1137 341 1223 μέν
360 1137 428 1203 ἐστι
446 1133 483 1204 τὸ
503 1132 646 1223 ἀστεῖον,
664 1134 702 1205 τὸ
721 1139 852 1224 πλῆθος
871 1135 908 1204 δὲ
926 1134 1102 1223 μοχθηρὸν

41 1272 72 1312 10
87 1243 146 1310 καὶ
173 1244 349 1329 θηριῶδες.
386 1244 493 1334 ἐσθίει
521 1240 585 1331 γάρ
604 1245 660 1311 καί
687 1243 865 1333 πιπράσκει
882 1240 922 1310 τά
950 1241 1102 1330 πρόβατα

66 1348 145 1427 ,καί
174 1344 283 1416 άδικεί
309 1350 407 1436 διπλῇ
435 1345 495 1416 τὸν
523 1348 696 1437 δεσπότην.
742 1348 782 1419 τά
809 1374 843 1417 τε
871 1347 935 1438 γάρ
963 1353 1102 1436 ποίμνια

87 1451 196 1522 αὐτοῦ
228 1460 361 1543 φθείρει
389 1455 444 1523 καὶ
472 1457 507 1523 ἐκ
535 1458 668 1524 πολλῶν
699 1453 800 1545 μικρὰ
827 1451 1000 1544 άποφέρον
1028 1451 1101 1541 άμι-

88 1571 179 1629 σθον
212 1559 302 1629 εἷναί
332 1581 416 1648 φησι
447 1561 503 1629 καὶ
536 1557 701 1652 ὀδύρεται.
746 1567 854 1631 καίτοι
882 1574 1033 1650 κρεῖττον
1060 1550 1143 1647 ἦνΟ

86 1665 169 1748 τοὺς
196 1665 342 1755 μισθοὺς
370 1663 521 1736 ἀπαιτεῖν
540 1670 680 1749 ἐντελεῖς
707 1663 728 1756 ἢ
757 1673 913 1757 φθείρειν
928 1663 1002 1754 ’τὴν
1030 1671 1103 1735 ποί·
1154 1700 1157 1707 ’

43 1802 74 1845 15
88 1801 188 1862 μνην.
209 1769 270 1841 ’Ἀν
289 1764 363 1856 οὖν,
382 1779 458 1861 ἔφη,
478 1773 514 1842 σὲ
533 1772 598 1860 ἐγω
616 1771 698 1861 μετά
716 1775 855 1862 ταυτησὶ
873 1775 932 1860 τῆς
948 1770 1103 1861 Ἀθηνάς,
1161 1758 1163 1765 ‚

88 1880 320 1960 ἐπιτάττοντος
347 1882 409 1948 τοῦ
427 1879 521 1965 Διός,
550 1877 624 1949 άντὶ
651 1883 712 1950 τοῦ
739 1879 952 1970 κληρονόμου
978 1878 1103 1948 τούτου

88 1986 227 2056 πάντων
256 1988 434 2075 ἐπίτροπον
461 1985 591 2054 τούτων
619 1986 812 2073 καταστήσω
836 2017 900 2068 -;
927 1983 1028 2053 πάλιν
1051 1986 1104 2052 ἐν-

89 2096 203 2161 ταῦθα
241 2088 258 2161 6
296 2098 471 2173 νεανίσκος
507 2089 672 2181 άντείχετο
715 2094 771 2161 καί
811 2089 917 2161 πολλά
959 2091 1105 2159 ἱκέτευεν

90 2196 199 2267 αὐτοῦ
231 2199 352 2287 μένειν.
398 2193 415 2268 6
450 2201 502 2286 δέ,
530 2197 589 2287 Μὴ
622 2206 699 2268 λίαν
731 2195 873 2286 ἀπενθὴς
906 2203 978 2284 ἐσο,
1011 2202 1106 2285 φησί,

46 2334 76 2376 νο
91 2304 137 2395 μή
165 2308 247 2375 ποτέ

129 2429 131 2433 ’
173 2427 205 2497 σ’
236 2426 432 2518 ἀπεχθήρω,
461 2424 506 2510 ὡς
532 2432 599 2498 νῦν
627 2425 763 2514 ἔκπαγλ’
793 2431 945 2516 ἐφίλησα.

91 2555 148 2623 καὶ
177 2550 194 2622 6
224 2560 414 2640 νεανίσκος,
439 2550 537 2639 Ἀλλ’,
566 2544 592 2621 ὦ
620 2553 766 2641 μέγιστε,
799 2551 905 2638 εἶπεν,
930 2549 1023 2618 Ἥλιε
1050 2551 1107 2619 καὶ

89 2658 231 2748 Ἀθηνᾶ,
269 2663 308 2729 σέ
337 2688 372 2729 τε
403 2661 459 2729 καὶ
497 2657 601 2728 αὐτὸν
636 2659 898 2750 ἐπιμαρτύρομαι
934 2654 995 2725 τὸν
1027 2663 1151 2744 Alam

92 2770 225 2856 χρῆσθέ
250 2795 306 2855 μοι
332 2764 417 2856 πρὸς
444 2763 509 2853 &va
533 2765 706 2854 βούλεσθε.
743 2766 843 2835 πάλιν
867 2756 930 2834 οὖν
950 2759 967 2832 6
988 2758 1108 2852 Ἑρμῆς

48 2901 78 2942 ει
93 2871 192 2960 άφνω
221 2875 340 2962 φανείς
369 2876 503 2960 ἐποίησε
530 2869 590 2941 τόν
617 2878 796 2942 νεανίσκον
822 2869 1107 2960 θαρραλεώτερον.

91 2977 159 3068 ἥδη
192 2979 257 3068 γὰρ
291 2985 452 3048 διενοεῖτο
484 2982 542 3067 τῆς
578 3005 612 3047 τε
645 2975 751 3048 ὀπίσω
788 2983 924 3068 πορείας
959 2979 1015 3046 καὶ
1051 2979 1109 3064 τῆς

92 3089 199 3155 ἐκεῖσε
240 3089 411 3174 διατριβῆς
457 3081 639 3174 ηὑρηκέναι
679 3083 739 3154 τὸν
779 3081 936 3173 ἡγεμόνα.
991 3084 1046 3152 καί
1087 3078 1108 3170 ἡ
1186 3118 1191 3125 ·

90 3190 233 3280 Ἀθηνᾶ,
262 3192 446 3276 Μάνθανε,
479 3190 585 3278 εἶπεν,
619 3181 645 3259 ά
673 3195 792 3284 λῷστε,
823 3187 947 3280 πατρὸς
974 3186 1109 3276 άγαθοῦ

165 3401 195 3449 12
218 3391 367 3481 άποφέρον
385 3389 514 3478 ἄμισθον
533 3391 610 3547 Hg’
590 3393 748 3465 αποφέρων
766 3390 894 3463 άμισθος
964 3397 995 3445 18
1018 3386 1110 3444 πολλά

93 3463 339 3600 Ἶπολλιίκις
319 3467 322 3528 λ
355 3460 484 3518 ίαετευεν
500 3462 538 3533 V]
571 3460 704 3518 κε’τευσεν
773 3468 804 3516 21
823 3464 903 3516 Iliad
923 3479 949 3528 γ,
966 3465 1016 3513 415
1049 3461 1054 3527 Ι
1081 3455 1109 3513 σ’

93 3534 120 3586 V
153 3548 183 3586 σε
253 3537 285 3585 27
304 3547 464 3601 ηυρηκεναι
482 3531 519 3599 Η]
540 3526 696 3599 εὑρηκέναι
802 3552 806 3567 ·
