2392 3960
501 190 636 243 onfflo
653 192 691 246 11.
1041 195 1100 260 107

82 321 230 408 πρῶτος,
262 314 434 405 όρύγματύ
467 318 530 409 (τε)
566 315 608 386 τα
637 315 795 408 Ἀσσύρια
826 323 882 390 καὶ
914 320 954 391 τόι
986 331 1101 413 Βαβυ-

83 431 218 494 λωνίων
235 430 324 513 τείχη
343 431 534 513 πυραμίδας
551 451 586 494 τε
610 421 661 494 ἐπ’
683 422 797 508 αὐτοῖς
813 425 872 510 τὰς
891 434 1100 519 Αἰγυπτίων,

82 533 140 601 καλ
173 528 237 600 ὅσα
269 528 352 600 ἄλλα
388 532 536 601 πλούτου
571 532 628 599 καὶ
663 532 842 620 χρημάτων
877 537 934 604 καὶ
970 540 1101 627 τρυφῆς

82 639 202 726 χίγονε
229 652 348 727 σημεῖα
374 639 430 706 καλ
459 643 611 718 διανοίας
638 634 704 709 ὑπὸ
734 647 924 730 φιλοτιμίας
951 640 1096 732 ἀναφλε-

55 747 230 834 εχομένης
258 747 292 825 ἐς
319 741 386 831 ὅ,τι
412 747 459 836 τῷ
486 745 619 835 πλούτῳ
646 743 812 835 χρήσεται,
841 747 911 816 εἶτα
939 752 972 830 ἐς
998 753 1099 820 τούτο

82 849 142 933 τὰς
168 854 237 919 τῶν
263 850 440 940 χρημάτων
458 848 617 941 εύπορίας
642 855 941 942 ααταβαλλομίνης.
978 848 1018 924 εὖ
1036 853 1100 946 χόιρ

84 955 127 1046 δὴ
156 967 240 1044 ίστε,
273 952 319 1038 ὡς
345 954 423 1027 ούτε
454 960 599 1036 πλοῦτος
626 955 763 1047 ἀρχαῖος
794 954 814 1048 ἢ
842 967 966 1029 νεωστί
990 972 1099 1032 ποθεν

83 1066 248 1154 ἐπιρρέων
273 1065 413 1153 βασιλέα
445 1079 536 1134 ποιεῖ
560 1059 638 1134 ούτε
671 1060 833 1154 ἁλουργὲς
861 1066 993 1154 ίμύτιον
1021 1067 1134 1138 ούτεΙ)

80 1170 182 1261 τιάρα
209 1171 265 1240 καλ
284 1173 453 1259 σκῆπτρον
480 1173 535 1241 καὶ
554 1169 701 1259 διάδημα
723 1172 779 1240 καλ
797 1173 925 1261 θρόνος
953 1164 1099 1264 ἀρχαῖος,

39 1308 67 1349 ιο
81 1273 156 1346 ἄλλ’
187 1274 268 1346 οὐδὲ
295 1271 426 1346 ὁπλῖται
452 1279 568 1347 πολλοὶ
597 1278 653 1345 καὶ
682 1282 790 1358 ίππεῖς
816 1285 942 1368 μυρίοι,
970 1276 1051 1350 οὐδὲ
1070 1287 1102 1350 εί

80 1383 203 1465 πάντες
235 1380 410 1472 ἄνθρωποι
443 1385 581 1473 βασιλέα
614 1386 712 1471 σφων
743 1387 866 1454 τοῦτον
898 1381 1097 1474 ὁμολογοῖεν

82 1490 316 1576 συνελθόντες,
344 1487 394 1559 ὅτι
413 1491 497 1579 μηδὲ
520 1485 642 1581 ἀρετὴν
670 1482 763 1561 οὗτοι
790 1498 991 1582 χαρίζονται,
1015 1490 1098 1563 ιἰλλόι

82 1601 286 1666 δυναστείαν
317 1596 379 1683 μὲν
412 1594 454 1665 ού
481 1599 569 1685 μάλα
601 1592 723 1686 εὐτυχῆ
750 1599 797 1688 τῷ
824 1598 978 1686 λαβόντι,
1010 1597 1098 1669 πολύ

83 1701 121 1772 δὲ
147 1704 251 1773 πλέον
277 1716 348 1784 τοῖς
373 1705 648 1793 παρασχομένοις.
690 1703 868 1792 δεξόμενος
889 1704 954 1796 γὰρ
983 1701 1001 1775 ὁ
1030 1732 1097 1776 τοι-

41 1838 69 1881 ιι
82 1812 183 1891 οὗτος
209 1819 337 1900 αίρεται
363 1811 527 1901 μετέωρος
553 1813 686 1897 ἐπίπαν,
714 1809 817 1880 οὐδὲν
836 1815 1009 1902 διαφέρων
1036 1815 1098 1881 τού

81 1918 159 2005 περὶ
190 1914 251 1986 τὸν
279 1917 458 1986 Φαέθοντα
490 1918 607 2005 μύθου
638 1918 694 1985 καλ
721 1919 863 1998 πύθονς.
909 1920 966 1987 καλ
995 1917 1098 1989 οὐδὲν

82 2024 205 2113 ἕτίρων
233 2027 288 2092 δεῖ
311 2024 588 2112 παραδειγμάτων
606 2021 689 2114 πρὸς
707 2031 820 2092 πίστιν
842 2027 888 2116 τῷ
907 2024 1008 2116 λόγῳ,
1035 2027 1098 2094 τοῦ
1115 2044 1151 2093 84

81 2135 163 2217 βίου
194 2127 319 2211 παντὸς
356 2126 654 2220 ἆναπεπλησμίνου
690 2129 853 2200 τοιούτων
890 2130 1099 2219 παθημάτων

80 2237 139 2305 καὶ
167 2233 218 2305 ἐπ’
249 2232 363 2318 αὐτοῖς
390 2236 509 2322 λόγων.
549 2232 632 2324 ὑμῖν
659 2235 697 2305 δὲ
724 2242 755 2305 εί
778 2234 978 2324 θαυμαστὸν
1006 2242 1102 2306 δοκεῖ

39 2339 120 2414 εοτὸ
148 2339 193 2431 μὴ
222 2347 358 2424 δικαίως
391 2346 643 2430 μεταποιεῖσθαι
669 2345 728 2432 τῆς
759 2345 862 2431 καλῆς
892 2342 1015 2432 ταύτης
1042 2344 1098 2412 καὶ

80 2451 268 2537 θεοφιλοῦς
295 2452 486 2537 ἐπωνυμίας
512 2448 592 2531 τοὺς
619 2452 743 2538 πολλῆς
769 2450 837 2537 ’μὲν
864 2452 924 2538 γῆς
956 2451 1012 2518 καὶ
1040 2452 1097 2519 ἐθ-

80 2557 155 2624 νῶν
183 2551 331 2645 ἀπείρων
363 2553 541 2646 ύρχοντας,
573 2557 690 2645 γνοόμχ
719 2555 757 2625 δὲ
788 2552 992 2648 αύτεξουσίφ
1021 2561 1098 2645 δίχα
1142 2596 1145 2602 -

81 2664 147 2731 νοῦ
175 2662 231 2731 καὶ
251 2661 446 2752 φρονήσεως
468 2665 611 2732 καὶτῶν
637 2650 741 2751 ταύτῃ
760 2663 995 2752 ξυνεπομένων
1023 2659 1098 2752 νἰρε-

80 2771 151 2837 τῶν
168 2764 209 2836 τὰ
227 2769 459 2856 προστυχόντα
485 2777 674 2860 κρίνοντας·
703 2777 772 2838 ίστε
799 2766 881 2839 οὐδὲ
899 2770 1099 2859 ίλενθίρονς

41 2871 194 2961 πόντος,
222 2871 265 2943 ού
292 2874 398 2962 μόνον
426 2881 458 2944 εί
482 2874 523 2945 τὰ
550 2876 700 2966 παρόντα
728 2871 870 2957 ούδενός
896 2895 1015 2963 σφισιν
1043 2876 1135 2963 &gc-B

80 2978 200 3050 ποδῶν
236 2978 334 3062 όντος
369 2987 477 3070 ἔχοιεν
513 2983 569 3052 καλ
602 2985 804 3072 ἐμφοροίντο
840 2984 899 3071 τῆς
934 2982 1098 3068 ἐξουσίας,

152 3167 166 3214 1
185 3179 216 3216 τε
233 3156 270 3216 τύ
287 3162 325 3231 Η]
343 3158 378 3217 τὰ
403 3166 407 3230 Ι
431 3164 618 3232 βαβνλωνίων
635 3162 673 3234 V]
691 3157 862 3232 Βαβυλώνια
931 3168 948 3217 4
969 3160 1100 3229 ολναφλε-

82 3229 206 3307 χομένης
227 3229 267 3298 V]
295 3227 615 3302 ἄναφλεχμαινομίνης.
649 3235 717 3285 Post
743 3235 793 3285 hoc
820 3231 870 3286 καλ
897 3225 1105 3299 ύπορουμὲνηςι

81 3299 129 3352 vel
152 3300 243 3350 slmile
267 3300 334 3365 quid
357 3302 492 3353 excidisse
514 3302 626 3353 videtur
694 3299 827 3367 στεῦτο]
850 3300 965 3353 τοιοῦτο
987 3301 1014 3352 Η
1082 3302 1099 3351 6

82 3363 135 3428 τὰς
153 3395 187 3404 -
205 3359 343 3434 εύπορίας
361 3366 404 3434 Η]
428 3368 480 3435 τῆς
498 3396 531 3408 -—
550 3361 688 3436 εύπορίας
711 3364 781 3436 (τὴν
797 3397 831 3406 -
850 3362 992 3435 εύπορίαν
1012 3366 1098 3431 usk.)

83 3438 117 3487 10
133 3430 260 3490 ὁπλιτῶν
276 3438 302 3488 V
370 3440 403 3488 14
426 3431 527 3503 πλέον]
547 3440 631 3502 μεῖον
648 3437 676 3488 Η
702 3438 707 3501 Ι
732 3429 787 3503 γὰρ
806 3453 858 3488 om.
876 3437 902 3488 V
971 3437 1002 3486 15
1024 3433 1100 3498 αίρε·

81 3498 1005 3638 μιανιιιαωιιιιιωιιιωιιιι
1067 3503 1100 3552 1⁶
