2392 3960
108 158 172 222 350
407 159 550 209 Ιοτιιαι
572 157 822 209 IMPERATORIS

109 285 145 354 δὲ
178 288 299 372 κομιδῇ
332 283 504 372 μειράκιον
536 290 583 352 ἔτι
616 287 684 352 τῶν
717 288 960 354 διδασκαλείων
993 283 1124 373 ἀπαγα-

74 393 231 476 Ογόντες.
268 393 338 470 πῶς
356 387 399 458 ἀν
425 392 575 458 ἐνταῦθα
594 389 758 478 φράσαιμι
776 392 852 480 περὶ
869 394 938 460 τῶν
956 394 990 472 ἓξ
1010 395 1124 463 ἐνιαυ-

106 501 188 583 τῶν,
222 493 281 576 οὓς
313 499 351 564 έν
384 493 545 588 ἀλλοτρίῳ
573 496 712 584 κτήματι
744 497 976 584 διαγαγόντες,
1011 496 1124 588 ῶσπερ

108 609 143 671 οί
167 601 256 687 παρὰ
283 617 353 682 τοῖς
371 605 517 689 Πέρσαις
545 605 581 670 ἐν
608 617 678 683 τοῖς
705 609 883 691 φρουρίοις
909 604 1123 693 τηρούμενοι,

106 707 250 796 μηδενὸς
289 705 370 796 ἡμῖν
411 708 609 795 προσιόντος
650 709 747 788 ξένον
788 708 873 797 μηδὲ
908 712 977 777 τῶν
1017 710 1152 783 πάλαιο

107 821 286 904 γνωρίμων
305 816 563 904 ἐπιτρεπομένον
581 812 673 894 τινὸς
692 810 737 895 ῶς
754 810 841 903 ἡμᾶς
859 819 993 902 φοιτᾶν,
1008 820 1122 901 διεζῶ-

107 949 168 1008 μεν
205 918 494 1008 ἀποκεκλεισμένοι
529 918 653 1000 παντὸς
689 920 750 1007 μὲν
787 920 984 1008 μαθήματος
1016 942 1123 993 σπου-

108 1033 224 1113 δαίου,
251 1027 360 1115 πάσης
387 1026 423 1095 δὲ
452 1029 631 1116 ἐλευθέρας
658 1026 847 1113 ἐντεύξεως,
875 1030 913 1096 ἐν
939 1042 1012 1109 ταῖς
1039 1037 1123 1118 λαμ·

106 1149 206 1219 πραῖς
239 1139 409 1213 οἰκετείαις
441 1133 640 1220 τρεφόμενοι
676 1134 731 1200 καὶ
768 1147 839 1213 τοῖς
875 1129 970 1221 ἡμῶν
1008 1132 1123 1203 αύτῶν

62 1252 87 1304 D
108 1240 243 1319 δούλοις
280 1236 389 1325 ῶσπερ
426 1240 569 1326 ἑταίροις
610 1239 940 1326 συγγυμναζόμενοι;
981 1239 1123 1329 προσῄει
1136 1272 1159 1311 ιο

106 1344 170 1431 γὰρ
199 1342 311 1424 οὐδεὶς
342 1342 423 1413 ούδδ
451 1346 641 1432 έπετρέπετο
669 1347 737 1412 τῶν
755 1341 963 1432 ’ἡλικιωτῶν
1009 1348 1122 1416 ἐντεῦ-

105 1461 170 1518 θεν
197 1434 263 1536 έγῶ
281 1450 344 1537 μὲν
370 1449 466 1537 μόγις
486 1447 635 1537 ἀφείθην
662 1449 718 1517 διά
737 1449 815 1530 τοὺς
832 1450 936 1531 θεοὺς
963 1447 1122 1540 εὐτυχῶς,

107 1552 125 1625 ὁ
155 1556 192 1624 δὲ
210 1553 356 1641 ἀδελφὸς
375 1552 393 1624 ό
414 1554 491 1642 έμὸς
509 1560 556 1635 είς
574 1552 637 1642 τὴν
655 1552 762 1642 αὐλὴν
789 1563 977 1644 καθείρχθη
997 1562 1121 1627 δυστυ-

106 1665 186 1748 χῶς,
219 1671 310 1750 είπερ
341 1689 391 1741 τις
423 1659 521 1741 ἀλλος
552 1664 621 1729 τῶν
652 1661 792 1730 πῶποτε.
843 1662 899 1730 καὶ
932 1661 995 1751 γὰρ
1029 1674 1064 1732 εί
1090 1690 1120 1732 τι

106 1769 180 1854 περὶ
208 1766 269 1836 τὸν
296 1767 421 1856 τρόπον
448 1764 568 1855 ἀγριον
585 1769 641 1834 καλ
668 1766 772 1856 τραχὺ
790 1765 850 1836 τὸν
878 1770 1009 1837 ἐκείνου
1027 1795 1118 1838 κατε·
1131 1797 1153 1838 α

107 1874 209 1962 φάνη,
228 1877 328 1942 τοῦτο
344 1875 380 1941 ἐκ
397 1875 457 1959 τῆς
475 1871 590 1960 ὀρείου
608 1876 735 1962 τροφῆς
754 1873 977 1961 συνηυξήθη.“
992 1880 1121 1956 δίκαιος

107 1972 171 2048 οὖν
204 1977 297 2067 οἶμαι
327 1981 384 2048 καὶ
415 1979 540 2066 ταύτην
578 1984 666 2065 ἒχειν
701 1976 763 2066 τὴν
800 1985 911 2048 αἰτίαν
947 1976 965 2049 ό
998 1980 1120 2069 ταύτης

105 2082 187 2174 ἡμῖν
218 2082 301 2175 πρὸς
332 2092 412 2172 βίαν
444 2083 609 2170 μεταδοὺς
639 2087 697 2172 τῆς
728 2088 871 2173 τροφῆς,
903 2076 943 2173 ἧς
970 2085 1028 2174 ἐμὲ
1060 2086 1120 2175 μὲν

54 2196 148 2260 *27202p
172 2193 248 2260 θεολ
277 2189 334 2259 διά
360 2194 419 2278 τῆς
447 2197 650 2278 φιλοσοφίας
676 2189 831 2278 καθαρὸν
859 2187 1038 2279 ἀπέφηναν
1064 2193 1121 2262 καὶ

107 2297 236 2384 έξάντη,
263 2300 309 2389 τῷ
338 2296 375 2365 δὲ
395 2293 506 2376 οὐδεὶς
534 2299 704 2365 ἐνέδωκεν.
741 2293 847 2378 εύθύς
873 2295 938 2386 γὰρ
967 2295 1033 2367 ἀπὸ
1052 2301 1154 2368 τῶνιο

108 2401 221 2491 ἀγρῶν
258 2406 291 2483 ἐς
328 2401 367 2470 τά
404 2409 557 2489 βασίλεια
592 2402 795 2491 παρελθόντι
832 2400 945 2490 ἐπειδὴ
987 2407 1121 2492 πρῶτον

107 2507 198 2601 αύτῷ
224 2511 423 2597 περιέθηκεν
454 2504 616 2597 ἁλουργὶς
640 2508 794 2596 ἀγείτων,
827 2506 946 2578 αύτίκα
974 2520 1122 2597 φθονεῖν

108 2613 290 2702 ἀρξόμενος
317 2611 359 2683 ού
386 2613 550 2703 πρότερον
577 2614 744 2684 ἐπαύσατο
767 2615 848 2703 πρὶν
874 2623 1033 2685 καθελεῖν
1061 2613 1121 2686 αύ·

108 2722 177 2807 τόν,
205 2718 286 2789 οὐδὲ
314 2723 359 2811 τῷ
387 2728 550 2809 περιελεῖν
576 2718 615 2788 τὸ
643 2723 845 2809 πορφυροῦν
864 2720 997 2807 ίμάτιον
1024 2718 1121 2812 ἀρτιε-

108 2834 210 2908 σθείς.
255 2833 363 2894 καίτοι
389 2829 451 2894 τοῦ
479 2828 536 2912 ζῆν
563 2828 649 2911 γοῦν
671 2824 772 2913 ἀξιος,
800 2833 832 2895 εί
857 2825 901 2914 μὴ
929 2827 1154 2914 βασιλεύεινιι

194 3053 206 3098 1
235 3048 432 3100 διδασκαλίαν
454 3051 479 3099 V
565 3054 581 3100 3
608 3040 657 3109 οὓς
676 3047 757 3115 Cob.]
785 3042 822 3109 ῶς
844 3065 874 3110 ν,
898 3037 947 3109 οὓς
970 3041 1008 3108 ῶς
1026 3050 1094 3103 Rsk,

109 3109 272 3182 διάγοντες,
295 3118 349 3167 nisi
373 3117 469 3178 fallor,
492 3117 636 3183 legendum
723 3119 740 3167 4
766 3112 797 3168 οί
817 3118 883 3169 Rsk.
906 3122 935 3168 et
956 3117 1111 3170 Horkelius

108 3174 140 3233 δυ
176 3189 179 3247 λ
209 3178 287 3250 παρὰ
306 3179 432 3249 Πέρσαις
452 3189 508 3249 pet.
577 3187 593 3236 5
614 3177 740 3249 μηδενὸς
757 3181 793 3249 Η]
802 3177 942 3261 μηθενός
1010 3181 1122 3238 θοίιιε·

107 3250 225 3311 τίαιςν
313 3254 343 3302 11
362 3247 460 3310 ούδελς
479 3250 516 3317 H]
535 3244 638 3310 ούθελς
724 3255 756 3301 14
773 3267 887 3303 πυποτε
905 3252 930 3302 V
1016 3254 1050 3304 1⁶
1068 3251 1121 3306 τόν

107 3315 219 3371 ἐκείνου
246 3317 318 3386 Pet]
346 3319 402 3371 τῶν
429 3313 543 3371 ἐκείνου
568 3322 593 3370 V
613 3319 722 3385 spanh.,
753 3318 808 3370 τῶν
836 3313 937 3389 έκείνφ
961 3323 1017 3384 pet.
1088 3323 1121 3373 1⁶

108 3386 221 3446 δίκαιος
239 3386 311 3452 Pet]
332 3385 451 3446 δικαίως
502 3389 536 3437 20
553 3379 657 3451 έξάντη
675 3383 750 3453 Pon]
771 3385 890 3450 εἴξαντι.
914 3387 951 3438 εί.
970 3386 1120 3440 Ruhnken·

108 3457 143 3505 ad
160 3457 228 3510 Tim.
246 3473 271 3521 p.
292 3456 343 3506 108*
372 3453 376 3519 Ι
408 3453 447 3524 τῷ
467 3449 500 3506 δὲ
517 3452 589 3520 Pon]
607 3453 682 3524 τῷδε
700 3455 724 3504 V
742 3455 848 3518 Βρομία,
868 3449 956 3505 τοῦδε
974 3460 1033 3520 pet.
1084 3456 1117 3507 21

107 3516 210 3588 ἐπειδὴ
229 3521 262 3588 V]
282 3515 403 3574 ἐπειδᾶν
