2392 3960
249 109 430 161 EPISTOLA
448 110 496 160 AD
516 109 542 159 S.
562 110 593 164 P.
612 113 644 173 Q.
665 111 935 162 ATHENIENSEM.
1046 111 1110 175 363

96 234 252 317 ύποπτος.
290 232 352 305 ούκ
370 233 546 324 ἀρκεσθεὶς
565 234 628 322 ἐγὼ
647 240 693 327 τῷ
721 236 874 328 τοιούτῳ,
901 237 1110 326 κατανοήσας

96 342 135 412 δὲ
168 340 252 431 πρὸς
282 341 319 410 τὸ
354 342 521 431 διάφορον
556 345 618 412 τοῦ
650 343 776 432 τρόπου
812 345 868 412 καὶ
900 346 1032 431 βλέπων
1063 347 1108 435 τῷ

95 448 158 537 μὲν
186 446 273 535 άγαν
301 444 404 517 αὐτὸν
422 448 631 534 πιστεύοντα,
657 451 703 539 τῷ
724 448 761 518 δὲ
779 445 854 518 οὐδ’
885 447 969 531 ὅλως
987 451 1162 539 προσέ-κεκ

96 582 201 643 χοντα
228 557 286 642 τής
313 555 422 646 δεξιάς
445 550 550 623 αὐτοῦ
576 556 719 624 καὶτῶν
746 555 900 641 γονάτων
927 552 1109 644 δηιάμενος·

66 660 250 746 εΤούτων,
279 667 376 748 ἔφην,
405 657 518 741 ούδείς
536 663 609 729 ἐστί
623 689 680 749 μοι
699 661 853 750 συνήθης
871 658 953 733 ούδδ
971 664 1110 750 γε’γονεν
1163 738 1166 740 ,

95 773 306 855 ἔμπροσθεν·
344 766 558 853 ἐπιστάμενος
590 766 627 835 δὲ
658 762 783 848 αὐτούς
814 769 850 835 ἐκ
881 767 1009 856 φήμης,
1046 771 1110 837 σοῦ

95 872 328 957 κελεύσαντος,
362 873 513 962 ἑταίρους
550 875 695 961 ἐμαυτοῦ
732 874 788 941 καὶ
820 880 941 960 φίλους
976 880 1109 962 νομίζω,

95 995 166 1060 τοῖς
184 979 286 1048 πάλαι
304 984 484 1067 γνωρίμοις
503 975 553 1047 ἐπ’
584 988 658 1067 λσης
680 982 794 1067 τιμάν.
831 975 872 1049 οὐ
890 973 957 1068 μήν
977 985 1109 1049 δίκαιον

94 1082 116 1172 ή
149 1085 281 1165 τούτοις
313 1084 550 1173 ἐπιτετράφθαι
582 1083 622 1153 τά
649 1083 711 1174 ἐμδι
743 1081 763 1172 ή
796 1082 837 1154 τὰ
868 1085 998 1155 τούτων
1029 1081 1110 1173 ήμῖν

51 1214 81 1254 ιο
96 1193 389 1277 συγκινδυνεῦσαι.
425 1195 461 1258 τί
485 1182 550 1259 οὖν
577 1191 727 1274 ίκετεύω;
755 1189 924 1281 γραπτούς
950 1187 1032 1280 ήμῑν
1051 1190 1110 1272 δὸς

96 1295 209 1385 ὥσπερ
237 1297 376 1384 νόμους,
404 1303 507 1365 τίνων
534 1293 716 1385 ἀπέχεσθαι
742 1296 804 1386 χρή
832 1299 888 1370 καὶ
916 1294 979 1367 ὅσα
1007 1297 1149 1386 πράτ-Β

95 1431 166 1477 τειν
194 1406 384 1491 ἐπιτρέπεις.
421 1404 527 1489 δήλου
554 1403 628 1491 γάρ,
657 1401 707 1473 ὅτι
734 1401 794 1472 τὸν
817 1402 894 1492 μὲν.
905 1403 1110 1491 πειθόμενον

97 1512 295 1595 ἐπαινέσεις,
322 1507 382 1578 τὸν
409 1507 447 1577 δέ
475 1504 682 1598 ἀπειθοῦντα
709 1509 875 1596 κολάσεις,
903 1515 935 1587 εί
958 1511 1015 1584 καὶ
1044 1507 1109 1597 ὅ,τι

96 1616 238 1703 μάλιστα
266 1622 390 1702 νομίζω
415 1615 543 1702 μηδένα
570 1611 775 1705 άπειθήσειν.

54 1743 82 1784 ιε
169 1719 261 1790 Ὅσα
293 1721 354 1808 μὲν
385 1711 449 1790 οὖν
480 1724 689 1809 ἐπεχείρησεν
722 1717 740 1790 ὁ
773 1719 959 1802 Πεντάδιος
990 1718 1110 1791 αὐτίκα

95 1843 322 1914 καινοτομεῖν,
351 1824 453 1896 οὐδὲν
480 1825 540 1916 χρὴ
569 1829 696 1914 λέγειν·
729 1824 952 1917 ἀντέπραττον
980 1827 1017 1898 δὲ
1045 1824 1109 1913 ἐγω

95 1927 181 2020 πρδς
207 1934 325 2019 πάντα,
353 1935 409 2002 καλ
438 1939 567 2018 γίνεταί
590 1960 648 2021 μοι
676 1932 843 2020 δυσμενής
870 1935 1009 2002 ἐκεῖθεν.
1046 1929 1106 2002 εἶτ’
1151 1946 1153 1949 ’

96 2038 200 2109 άλλον
227 2038 342 2127 λαβδιν
368 2041 424 2108 καὶ
442 2039 699 2130 παρασκευάσας
717 2039 875 2127 δεύτερον
902 2040 958 2107 καὶ
985 2045 1148 2127 τρίτον,0

95 2149 248 2233 Παῦλον,
268 2147 486 2232 Γαυδέντιον,
512 2143 592 2227 τούς
610 2142 818 2234 ὀνομαστοὺς
835 2141 886 2213 ἐπ’
908 2143 963 2234 ἐμὲ
981 2156 1109 2233 μισθω-

54 2275 83 2316 νο
97 2251 240 2340 σάμενος
267 2243 493 2340 συκοφάντας,
512 2251 724 2321 Σαλούστιον
751 2251 812 2339 μὲν
839 2245 884 2332 οδς
911 2252 984 2339 ἐμοὶ
1007 2257 1110 2339 φίλον

96 2355 283 2445 άποστήναι
319 2357 578 2448 παρασκευάζει,
615 2354 842 2427 Λουκιλιανὸν
885 2355 922 2424 δέ
964 2360 1110 2446 δοθήναι

97 2464 259 2551 διάδοχον
291 2462 419 2533 αὐτίκα.
464 2465 521 2533 καὶ
552 2462 672 2553 μικρὸν
704 2461 856 2553 ὕστερον
871 2464 927 2532 καὶ
956 2465 1109 2553 Φλωρέν-

95 2597 167 2652 τιος
194 2563 238 2660 ήν
265 2568 387 2659 ἐχθρὸς
418 2572 492 2658 ἐμοὶ
520 2569 577 2639 διὰ
604 2568 662 2651 τὰς
688 2572 894 2656 πλεονεξίας,
926 2563 980 2651 αἷς
1006 2566 1108 2657 ήναν-
1185 2650 1187 2657 1

96 2677 249 2766 τιούμην.
295 2684 474 2747 πείθουσιν
508 2667 601 2745 οὗτοι
633 2674 694 2747 τὸν
720 2675 960 2746 Κωνστάντιον
993 2673 1109 2764 ιἰφελέ-

54 2805 83 2846 τι
98 2794 182 2853 σθαι
219 2810 258 2870 με
294 2787 362 2851 των
399 2785 632 2872 στρατοπέδων
663 2777 838 2869 ἁπάντων,
875 2791 956 2863 λσως
986 2809 1017 2851 τι
1054 2783 1110 2851 καὶ

96 2885 163 2959 ὑπὸ
190 2893 249 2977 τής
282 2897 477 2977 ζηλοτυπίας
508 2892 576 2956 τῶν
607 2888 878 2977 κατορθωμάτων
904 2889 1153 2975 κυιζόμενον,])

184 3144 199 3190 2
222 3133 294 3206 πρὸς
312 3144 360 3191 aut
379 3139 523 3202 delendum
541 3145 585 3192 ost
603 3145 653 3191 aut
671 3157 732 3191 cum
750 3140 1112 3221 Horkelioyartieipiorum

98 3203 283 3274 κατανοήσας
300 3213 330 3259 et
347 3203 460 3275 βλέπων
478 3208 533 3259 loci
550 3209 723 3273 permutandi
734 3214 799 3259 sunt
850 3212 866 3260 3
883 3224 960 3274 αγαν
973 3207 1008 3272 V]
1028 3199 1112 3274 ἄγειν

92 3281 115 3328 ,9
134 3268 151 3342 ή
170 3277 197 3326 Η
216 3281 244 3327 et
262 3274 340 3342 Cob.]
359 3268 390 3326 ἐν
460 3279 492 3328 14
508 3271 621 3354 μηδένα
638 3273 716 3343 Oob.]
736 3270 829 3343 μηδὲν
899 3279 930 3326 17
949 3273 1060 3341 γίνεται
1078 3270 1111 3325 δέ

98 3361 148 3412 μοι
166 3349 223 3410 pet.
309 3346 340 3394 21
366 3335 575 3410 άποσταθηναι
594 3343 661 3395 Rsk.
693 3342 698 3410 Ι
731 3335 915 3396 λουκιλιανδν
933 3339 969 3409 V]
988 3343 1112 3394 Λουκια·

92 3407 152 3465 -νδν
237 3414 270 3462 23
297 3406 361 3478 αῖς]
391 3401 426 3471 ἃς
450 3411 488 3474 V,
514 3402 587 3475 πρὸς
611 3401 645 3470 ἃς
663 3410 739 3463 ὈοΙ).
773 3412 777 3477 l
809 3401 1009 3478 ἠναντιούμην
1030 3406 1111 3478 Oob.]

98 3472 292 3547 ἐναντιούμην
