2392 3960
128 84 191 148 376
430 82 576 135 mmm
597 82 846 136 IMPERATORIS

107 237 196 283 ,που
229 210 265 280 τὸ
294 215 371 307 τών,
395 207 587 300 ἀνθρώπων
620 210 815 298 βλαστησειε
846 212 951 297 γένος.
996 212 1055 281 καὶ
1089 208 1143 282 οό-

128 345 193 398 τως
222 309 285 387 ούν
314 330 487 405 συγγενεῖς
504 314 675 404 ’γινόμεθα
702 316 834 403 πάντες,
862 322 893 386 εί
918 316 980 405 μὲν
1009 319 1042 399 ἐξ
1071 315 1144 398 ἑνὸς

129 426 185 492 καὶ
213 426 304 511 μιάς,
338 426 374 492 ἐκ
402 429 501 492 δυοῖν
530 419 729 511 ἀνθρώπων
762 420 855 504 ὅντες
883 426 918 492 οί
941 424 1062 493 πολλοὶ
1088 424 1143 493 καί

130 536 265 616 πολλαί,
303 529 354 620 (εί
389 528 461 618 δέ),
502 528 654 618 καθάπερ
692 532 727 597 οί
751 536 831 598 θεοί
869 551 952 617 φασι
988 531 1045 598 καὶ
1083 527 1143 619 χρὴ

129 635 297 704 πιστεύειν
325 634 642 725 ἐπιμαρτυρούντων
660 636 728 702 τῶν
748 640 866 724 ἔργων,
894 638 930 704 ἐκ
957 638 1027 705 τών
1053 639 1165 706 θεώντ

130 742 251 822 πάντες
283 741 464 829 γεγονότες.
512 738 562 810 ὅτι
594 739 632 809 δέ
663 739 808 822 πολλοὺς
840 739 906 829 ἅμα
939 737 1144 829 ἀνθρώπους

91 851 289 935 Ογενέσθαι
317 861 479 937 μαρτυρεῖ
503 844 544 915 τά
572 852 667 936 ἔργα,
701 846 883 936 ῥηθήσεται
911 847 972 935 μὲν
1000 844 1145 936 ἀλλαχοῦ

129 951 177 1023 δι’
209 951 393 1043 ἀκριβείας,
427 955 576 1023 ἐνταῦθα
605 952 643 1020 δὲ
675 949 804 1042 ἀρκέσει
836 957 1001 1047 τοσοῦτον
1029 959 1144 1040 είπεῖν,

129 1056 175 1155 ώς
204 1061 236 1140 ἐξ
270 1058 345 1140 ἑνός
377 1058 438 1146 μὲν
469 1061 526 1127 καὶ
558 1061 635 1146 μιᾶς
668 1050 766 1128 οὖσιν
799 1056 877 1129 ούτε
907 1057 987 1140 τούς
1019 1059 1145 1148 νόμους

129 1164 218 1246 είκὸς
245 1167 298 1234 ἐπὶ
326 1167 490 1234 τοσοῦτον
517 1165 722 1253 παραλλάξαι
750 1162 827 1234 οὔτε
854 1163 962 1246 άλλως
988 1163 1053 1252 τὴν
1081 1168 1175 1254 γῆνω

128 1266 190 1358 ὑφ’
226 1271 301 1352 ἑνὸς
334 1273 567 1359 ἐμπλησθῆναι
599 1272 725 1357 πᾶσαν,
759 1268 839 1340 οὐδὲ
871 1276 903 1340 εί
933 1268 1003 1360 άμα
1039 1269 1143 1340 πολλὰ

127 1377 279 1466 καθάπερ
308 1380 346 1445 αί
372 1377 449 1457 σύες
469 1382 598 1445 ἔτικτον
626 1374 740 1457 αὐτοῖς
758 1381 796 1445 αί
821 1391 987 1463 γυναῖκες.
1019 1402 1143 1447 παντα-

127 1486 190 1570 χοῦ
227 1482 264 1550 δὲ
296 1480 431 1571 ἀθρόως
463 1482 657 1551 νευσάντων
692 1485 800 1569 θεῶν,
833 1481 935 1572 όνπερ
967 1482 1096 1573 τρόπον
1126 1479 1143 1552 ό

128 1584 190 1674 εἷς,
230 1585 319 1657 οὕτω
358 1587 395 1657 δέ
427 1589 483 1657 καὶ
516 1591 551 1657 οί
585 1594 719 1669 πλείους
754 1592 930 1678 προῆλθον
967 1586 1143 1680 άνθρωποι

84 1710 197 1775 Βτοῖς
224 1695 415 1783 γενεάρχαις
447 1705 541 1774 θεοῖς
569 1691 879 1783 άποκληρωθέντες,
913 1701 949 1765 οἳ
972 1696 1030 1764 καὶ
1063 1722 1174 1786 προ-μ

127 1801 256 1888 η’γαγον
298 1797 441 1887 αύτούς,
483 1797 548 1869 ἀπὸ
590 1803 651 1868 τοῦ
693 1802 901 1889 δημιουργοῦ
936 1799 996 1882 τάς
1036 1799 1144 1898 ψυχὰς

128 1906 445 1996 παραλαμβάνοντες
473 1908 506 1986 ἐξ
534 1908 666 1987 αίώνος.

207 2010 353 2082 Κάκεῖνο
382 2009 416 2082 δ’
447 2009 542 2093 άξιον
560 2014 701 2099 ἐννοεῖν,
730 2009 804 2081 ὅσοι
827 2011 917 2102 παρά
934 2014 1004 2082 τών
1023 2017 1143 2103 ἔμπρο

130 2129 213 2187 σθεν
251 2116 440 2187 ἀνάλωνται
472 2117 565 2204 λόγοι
601 2119 676 2208 περὶ
712 2121 774 2186 τοῦ
810 2118 911 2206 φύσει
942 2116 1144 2189 κοινωνικόν

128 2223 214 2293 εἶναι
252 2228 336 2317 ζῷον
379 2223 438 2294 τὸν
480 2222 673 2313 άνθρωπον.
727 2219 821 2312 ἡμεῖς
862 2215 926 2294 οὖν
966 2228 1003 2294 οῖ’
1039 2228 1175 2295 ταύταν

129 2331 277 2412 εἰπόντες
316 2332 372 2400 καί
414 2331 625 2411 διατάξαντες
666 2327 901 2418 άκοινωνητως
941 2329 1025 2417 πρὸς
1066 2329 1144 2413 τούς

127 2443 272 2525 πλησίον
305 2439 435 2525 ἕξομεν;
470 2440 506 2506 ἐκ
533 2435 577 2523 δὴ
603 2439 672 2505 τών
704 2436 868 2505 τοιούτων
900 2433 998 2526 ἧθών
1024 2463 1062 2506 τε
1088 2438 1143 2509 καὶ

128 2543 398 2631 ἐπιτηδευμάτων
436 2545 573 2624 ἕκαστος
605 2538 700 2631 ἡμῶν
738 2538 931 2633 ὁρμώμενος
966 2539 1144 2632 εὐλαβείας

73 2651 192 2735 νοετῆς
219 2654 267 2729 είς
293 2647 372 2729 τούς
389 2650 502 2735 θεούς,
530 2650 750 2738 χρηστότητος
768 2652 826 2737 τῆς
853 2655 901 2731 είς
928 2645 1143 2739 ἀνθρώπους,

129 2751 264 2841 ἁγνείας
296 2758 354 2842 τῆς
385 2756 460 2847 περὶ
492 2754 529 2824 τό
559 2759 668 2843 σῶμα,
700 2753 740 2823 τά
767 2758 826 2843 τῆς
858 2752 1029 2842 εὐσεβείας
1062 2762 1177 2846 ἐργαυ

127 2861 323 2949 πληρούτω,
364 2861 568 2950 πειρώμενος
604 2861 641 2930 δὲ
678 2858 733 2930 ἀεί
766 2889 797 2929 τι
832 2862 909 2951 περὶ
944 2864 1023 2940 τών,
1050 2866 1144 2933 θεῶν

212 3115 308 3164 2et3
333 3107 360 3164 εί
376 3107 481 3177 μέν-
499 3128 582 3168 οντες
604 3118 635 3163 οῖ
658 3114 753 3177 spuria
775 3115 854 3164 uncis
877 3112 992 3165 inclusit
1008 3084 1144 3167 Ρελιοτίοε

124 3176 188 3232 4ει’
205 3179 238 3230 δὲ
256 3180 319 3232 add
337 3130 395 3230 Ημ
451 3183 482 3230 11
511 3176 537 3231 εί
551 3170 624 3258 άμα]
649 3177 676 3231 εί
692 3177 780 3232 τέκνα
802 3171 886 3246 άμαῖ
973 3181 1006 3231 12
1029 3179 1144 3263 σόοςΥ

127 3252 158 3299 13
178 3242 332 3313 φυσάντων
353 3246 410 3312 (vel
429 3239 645 3312 φυτευσάντων)
664 3245 721 3298 τών
738 3247 819 3300 θεῶν
836 3248 864 3297 Η
950 3239 1037 3300 18δ’
1058 3238 1143 3314 ἀξιον

125 3317 246 3381 Toupius
275 3315 309 3365 ad
337 3316 454 3394 Longin.
475 3331 500 3380 p.
522 3313 586 3382 34³7]
611 3309 710 3396 δεξιβν
742 3313 747 3380 Ι
780 3309 967 3395 ἐπίπροσθεν
979 3320 1053 3397 pet
1109 3318 1143 3369 w

126 3382 198 3449 ζῷον
216 3379 377 3450 Horkelius]
396 3378 429 3434 τό
448 3381 521 3502 ζῷον
553 3382 558 3445 1
590 3375 682 3434 ταότά
700 3382 766 3434 Rsk.
836 3386 870 3434 24
888 3377 931 3443 είς
949 3371 1140 3453 ἀνθρώπους]

129 3436 170 3511 είς
193 3487 267 3502 .....
290 3457 346 3516 pet.
416 3435 498 3502 2683
500 3448 509 3517 J
529 3446 597 3502 δέον
615 3454 682 3516 ρετ,
701 3466 732 3502 τε
751 3451 818 3502 Rsk.
