2392 3960
423 192 557 243 olzfflo
576 193 598 246 1.
978 193 1018 256 31
1097 186 1110 209 ·

28 347 102 401 ενος
130 316 193 408 τῆν
219 322 353 409 τέχνην;
381 319 475 411 πόσῳ
495 319 530 388 δὲ
559 316 706 407 ἀμείνων
725 318 808 400 νειὸς
836 319 896 408 μὲν
922 326 1019 390 ἰθυν-

26 425 64 515 ῆρ
106 422 125 495 ὁ
162 428 219 495 καί
255 425 316 495 τὸν
355 429 518 515 μέλλοντα
558 429 704 513 χειμῶνα
740 425 928 515 προμαθὼν
964 429 1019 496 καὶ

26 532 276 621 ροαισθύμενος
303 535 359 602 καί
377 537 550 623 πειραθείς
568 559 605 618 γε
623 535 744 601 τοῦτον
773 536 930 620 ἐκκλῖναι,
950 531 1020 602 εἶτα

27 637 49 706 ι’
81 635 297 727 ἁσδηποτοῦν
324 645 431 720 αἰτίας
453 636 606 727 ἐμπεσὼν
633 640 688 707 καὶ
708 639 876 721 διασώσας
904 637 1019 728 ἀπαθῆ

26 743 65 833 ῆν
91 748 181 814 ναῦν
208 741 303 837 αύτῷ
327 746 455 836 φόρτῳ;
483 742 628 834 ἅρματος
656 742 687 812 δ’
718 744 890 835 ἑπιστατῆς
918 743 935 815 ὁ
964 748 1020 815 καὶ

28 849 89 940 ρὸς
119 857 251 941 χωρίων
283 849 524 939 ἀγωνιζόμενος
555 849 742 938 τραχύτητα
773 854 829 920 καὶ
861 852 940 934 τοὺς
967 857 1062 921 ίπ-Ι)

26 984 89 1037 ους
117 960 304 1045 μετατιθεὶς
333 955 400 1046 ἅμα
427 959 482 1026 καί
510 957 718 1045 βιαζόμενος,
746 955 790 1045 ῆν
817 986 849 1026 τι
875 967 1020 1047 πλημμε-

26 1067 125 1145 ωσιν;
163 1061 247 1144 ὅλως
284 1064 321 1132 δὲ
358 1061 520 1152 οὐδεμίαν
557 1061 652 1144 ἀξιον
688 1065 809 1152 τέχνην
845 1062 926 1152 μετά
963 1069 1042 1155 τῆς,

26 1169 105 1257 ύχης
124 1169 291 1256 ἐξετάζειν,
320 1168 391 1238 ἀλλ’
422 1167 529 1257 αύτῆν
547 1167 602 1257 ἐφ’
634 1165 737 1257 αύτῆς
756 1187 902 1239 σκοπεῖν.
940 1168 1020 1240 οὐδὲ

25 1274 188 1365 τρατηγὸς
215 1273 362 1364 ἀμείνων
391 1272 408 1344 ὁ
432 1278 550 1344 Κλέων
572 1282 708 1362 Νικίου,
737 1275 850 1365 ἐπειδὴ
877 1276 918 1345 τδι
945 1280 1020 1364 περὶ

26 1379 65 1469 ῆν
93 1382 211 1450 Πύλον
238 1380 441 1470 ηύτύχησεν,
470 1379 545 1451 οὐδ’
576 1379 676 1462 ἀλλος
703 1379 815 1464 ούδείς
841 1386 910 1451 τῶν
936 1383 1020 1472 τύχη

29 1489 133 1556 ἀλλον
160 1484 180 1575 ῆ
209 1488 325 1577 γνώμη
353 1488 576 1578 κρατούντων.
613 1485 677 1573 ἐγὼ
699 1488 736 1556 δὲ
763 1494 795 1556 εἰ
811 1487 855 1576 μῆ
875 1491 931 1558 καί
958 1487 1020 1576 τῆν

26 1592 109 1681 ύχην
136 1592 198 1681 τῆν
226 1593 290 1683 σῆν
317 1591 441 1681 ἀμείνω
460 1596 516 1663 καί
545 1595 756 1684 δικαιοτέραν
782 1598 840 1694 τῆς
867 1598 935 1663 τῶν
963 1593 1020 1662 ἀν-

26 1701 243 1787 ιταξαμένων,
285 1703 412 1787 μᾶλλον
453 1699 490 1769 δὲ
530 1703 588 1787 τῆς
630 1696 787 1769 ἁπάντων
828 1697 1021 1791 ἀνθρώπων

26 1812 185 1894 ρατίστην
212 1807 367 1894 φήσαιμι,
395 1803 524 1874 ἀδικεῖν
552 1801 594 1873 ἀν
617 1806 753 1887 εἰκότως
781 1812 930 1895 δοκοίην,
957 1806 1020 1895 τῆν
1039 1825 1072 1873 26

27 1909 48 1999 ῆ
77 1916 320 2001 παρασχοῦσαν
351 1926 420 1993 τοῖς
451 1918 620 1999 πολεμίοις
648 1913 831 1982 αἰσθέσθαι
858 1910 895 1981 τδ
923 1923 1019 1983 πλεο·

26 2019 159 2105 ἐκτημα.
200 2017 261 2108 χρῆ
290 2017 353 2108 γὰρ
383 2016 475 2107 οἶμαι
501 2016 562 2086 τὸν
590 2022 727 2099 δικαίως
754 2015 838 2106 ὑπὲρ
865 2022 933 2086 τῶν
962 2023 1018 2108 ῥη-

26 2123 137 2192 ¹e'vww
168 2131 328 2214 κρίνοντα
359 2122 397 2193 τὸ
425 2124 486 2212 μὲν
519 2122 686 2211 ἐλάττωμα
717 2127 757 2211 τῆ
784 2127 845 2192 τοῦ
878 2131 1020 2211 πνίγους

27 2236 286 2323 νανταγωνίστῳ
328 2229 422 2319 ῥύμη
464 2237 669 2317 λοχίζεσθαι,
706 2228 743 2297 τὸ
781 2231 819 2299 δὲ
854 2236 902 2312 εἰς
944 2240 1019 2300 ίσον

25 2339 208 2423 αταστῆσαι
239 2335 318 2418 τοὺς
344 2343 524 2425 πολεμίους
555 2350 627 2417 ταῖς
658 2351 847 2425 συμφοραῖς
874 2340 933 2424 τῆς
960 2340 1020 2425 σῆς

27 2445 123 2530 ρετῆς
159 2448 260 2531 ἔργον
295 2439 494 2530 ὑπολαβεῖν,
529 2440 567 2511 τὸ
606 2441 643 2511 δὲ
678 2445 748 2511 τῶν
784 2442 845 2530 μὲν
887 2449 1019 2511 οἰκείων

28 2549 189 2616 ἰσθέσθαι
217 2553 418 2639 συμφορῶν,
452 2547 616 2636 ἀγνοῆσαι
644 2548 681 2616 δὲ
707 2547 748 2617 τά
775 2549 1019 2639 κατορθώματα

26 2657 61 2742 ῆς
89 2651 221 2742 ἀγαθῆς
248 2656 349 2744 τύχης
377 2661 477 2746 ἔργον
503 2661 703 2741 λογίζεσθαι.

82 2757 163 2829 Ἀλλ’
194 2757 284 2842 ὅπως
311 2761 354 2850 μῆ
374 2762 559 2852 μακρότερα
585 2763 660 2851 περὶ
679 2760 807 2830 τούτων
834 2764 940 2848 λέγων
958 2760 1018 2831 τὸν
1036 2773 1059 2825 Β

74 3025 87 3068 1
115 3012 242 3085 ἀμείνων
265 3019 338 3086 Pet]
368 3012 489 3102 ἄμεινον
523 3019 526 3085 Ι
560 3013 723 3088 ἰθαιτῆρὸ
751 3020 818 3070 Rsk.
842 3026 870 3071 et
893 3020 1016 3088 schaef]

26 3084 163 3154 διιττῆρος
192 3091 262 3154 VM,
292 3085 418 3155 ἰθνντηρ
441 3077 473 3147 ὃς
500 3105 518 3138 v
609 3091 624 3138 2
654 3082 814 3153 προμαθὼν
842 3086 920 3155 Pet]
949 3105 1017 3152 προ-

26 3153 117 3206 αθεῖν
203 3161 219 3209 3
248 3156 400 3222 πειραθείς
425 3152 503 3224 VM]
528 3155 699 3240 πειρασθείς
729 3154 733 3219 1
760 3148 869 3207 τούτων
892 3157 915 3205 V
1001 3158 1018 3206 4

26 3220 222 3289 ιαοδητιοτοῦν
238 3221 274 3292 V]
301 3217 343 3275 δι’
362 3218 397 3285 δὶς
422 3217 530 3292 δήποτε
549 3242 603 3277 ονν
672 3228 688 3276 ὁ
711 3219 745 3276 δὲ
768 3222 826 3274 VM
894 3219 1018 3289 Ἰθαμὰ

26 3290 125 3355 onjecit
142 3292 210 3343 Rsk.
273 3285 378 3346 θούδὲ
396 3292 466 3358 μίαν
486 3294 543 3343 VM
607 3284 689 3359 9ἕφ’
710 3285 800 3357 ἀὐτῆς
817 3283 924 3410 νῆίηί
943 3285 1018 3356 αὐτῇ

26 3355 90 3410 δτὰ
107 3357 173 3427 περὶ
191 3357 260 3425 VM]
281 3355 313 3410 τδ
331 3357 398 3428 περὶ
468 3364 499 3411 11
517 3356 660 3428 ἠτύχησεν
678 3359 722 3425 V]
742 3351 813 3411 ούδὲ
833 3361 917 3418 ch
985 3360 1017 3407 12

27 3418 114 3479 ἄλλον
132 3418 199 3480 τύδ’
218 3419 281 3479 ἀλλ’
303 3418 406 3495 ἀσινῆ
426 3445 469 3495 γα.
488 3446 531 3494 κρ.
550 3430 574 3479 V
628 3430 658 3480 15
676 3428 832 3494 κρατίστην
851 3423 1015 3490 deleverim]

26 3509 43 3543 ν
60 3494 125 3547 εδδ.
143 3497 201 3547 VM
259 3498 290 3548 16
308 3492 347 3563 μὴ
365 3495 400 3561 V]
422 3488 456 3574 ού
521 3499 553 3548 19
572 3490 633 3548 ἴσον
652 3497 689 3573 Μ,
708 3501 740 3546 ut
758 3494 829 3546 solet
886 3496 919 3544 20
937 3489 1015 3561 ταῖς]

26 3564 67 3623 αῖς
84 3565 151 3624 ταῖς
169 3563 236 3616 Rsk.
304 3567 338 3616 24
355 3580 517 3631 μακροτερα
534 3563 568 3631 V]
586 3578 762 3631 μακροτερον
