2392 3960
503 168 638 220 ossfflo
656 169 688 219 v.
1039 166 1103 232 229

85 301 226 378 δικαίως
253 292 295 365 ἀν
324 292 403 385 ἡμῖν
431 304 478 378 είς
504 322 538 363 τε
556 293 614 376 τὰς
641 292 742 376 ἀλλας
769 301 880 383 χρείας
907 297 1101 384 έπικουροίη

83 405 142 473 καὶ
170 402 235 490 πρό
263 430 300 489 με
333 405 401 472 τῶν
429 401 540 472 ἀλλων
567 404 601 483 ἐς
632 407 846 490 τιμῆτηρίους
872 408 1004 483 θυσίας.
1056 397 1103 483 εἷς

82 510 148 598 μὲν
181 507 218 577 δι’
251 509 350 596 λόχος
382 500 495 589 οὗτος,
529 504 574 577 δι’
604 504 646 577 όν
673 505 737 578 οὐκ
769 507 861 596 οἶμαι
894 515 967 578 δεῖν
1001 507 1103 596 ἰχθὺν

83 620 124 685 ἐν
153 611 290 702 ἁγνείας
315 618 421 707 καιρῷ
448 615 701 704 προσφέρεσθαι
728 614 867 703 τροφήν.
917 618 1027 704 ἕτερος
1054 616 1102 701 δέ,

52 720 129 796 τόν
156 723 212 792 καί
239 725 366 810 μᾶλλον
391 718 540 809 ἡγοῦμαι
566 736 637 801 τοῖς
658 724 910 810 προειρημένοις
937 717 1102 810 ἁρμόζειν,

84 826 139 898 ότι
171 828 297 916 τρόπον
328 827 403 897 τινὰ
435 829 491 897 καὶ
524 825 622 897 αὐτοὶ
653 825 746 897 κατάΔ
768 830 829 896 τοῦ
861 830 975 914 βυθοῦ
1004 832 1102 896 δεδυ-

81 936 181 1016 κότες
208 932 275 1004 εἷεν
303 931 346 1003 ἀν
364 934 583 1023 χθουιοότεροι
609 937 678 1002 τῶν
698 933 904 1023 σπερμάτων,
933 928 951 1001 ὁ
976 933 1013 1001 δὲ
1032 936 1100 1002 έπι-
1120 950 1142 1004 Β

83 1044 211 1128 θυμῶν
238 1039 426 1131 ἀναπτῆναι
453 1042 509 1110 καὶ
536 1042 698 1129 μετέωρος
721 1036 805 1129 ὑπὲρ
832 1039 893 1108 τὸν
920 1037 1002 1127 ἀέρα
1020 1038 1104 1127 πρὸς

85 1145 193 1229 αὐτός
221 1145 371 1235 οόραυοῦ
397 1152 519 1235 πτῆναι
538 1146 692 1236 κορυφὰς
719 1153 855 1228 δικαίως
873 1143 916 1214 ἀν
943 1143 1102 1234 ἀποστρέ-

39 1292 68 1332 10
85 1280 188 1343 φοιτο
215 1254 324 1323 πάντα
350 1253 390 1322 τά
417 1257 565 1341 τοιαῦτα,
593 1254 748 1341 μεταθέοι
772 1251 810 1322 δὲ
828 1254 884 1322 καὶ
912 1254 1103 1340 μετατρέχοι

83 1359 127 1429 t&
155 1359 328 1449 τεινόμενα
355 1359 438 1449 πρὸς
464 1359 525 1429 τὸυ
552 1357 634 1448 ἀέρα
661 1361 717 1428 καὶ
745 1359 934 1428 σπεύδοντα
961 1357 1046 1446 πρὸς
1065 1357 1102 1426 τὸ

85 1466 229 1548 ἀναντες
260 1472 330 1553 καί,
363 1471 420 1535 ἵνα
451 1493 483 1534 τι
515 1467 570 1535 καὶ
602 1463 777 1554 ποιητικὸν
804 1475 901 1550 εἴπω,
933 1464 1017 1554 πρὸς
1042 1462 1104 1533 τόν

86 1571 240 1660 οὐρανὸν
281 1568 421 1663 όρεόντα.
476 1570 608 1661 ὄρνισιν
649 1563 714 1641 οόν
754 1571 917 1659 ἐπιτρέπει
958 1574 1104 1660 χρῆσθαι

85 1677 175 1767 πλῆν
203 1676 338 1766 ὀλίγων,
366 1675 426 1760 οὓς
445 1677 556 1766 λερούς
583 1675 670 1747 εἶναι
689 1678 796 1768 πάυτῆ
824 1679 1023 1766 συμβέβηκε,
1047 1677 1104 1746 καὶ

44 1823 71 1862 15
86 1789 156 1854 τῶν
191 1784 405 1874 τετραπόδων
445 1799 515 1866 τοῖς
551 1785 737 1872 συνήθεσιν
778 1786 839 1866 ἔξω
879 1786 941 1852 τοῦ
977 1790 1104 1871 χοίρου.

86 1893 210 1962 τοῦτον
237 1891 275 1961 δέ
303 1887 347 1973 ὡς
375 1889 516 1980 χθόνιον
543 1891 651 1979 πάντῆ
678 1893 792 1980 μορφῆ
819 1891 937 1959 τεκαὶ
964 1892 1010 1983 τῷ
1038 1896 1143 1981 βίῳθ

86 1999 145 2068 καὶ
176 1994 268 2089 αὐτῷ
299 2001 346 2090 τῷ
378 2000 435 2085 τῆς
468 1995 585 2078 οὐσίας
617 1995 718 2088 λόγῳ·
755 1995 1032 2084 περιττωματικός
1068 2022 1103 2062 τε
1170 2022 1172 2034 ¹

87 2103 154 2193 γὰρ
185 2105 242 2174 καὶ
272 2103 380 2192 παχὺς
415 2102 477 2192 τῆν
510 2104 628 2191 σάρκα·
666 2106 724 2191 τῆς
756 2105 847 2192 ίερᾶς
882 2097 1103 2191 ἀποκηρύττει

88 2213 225 2299 τροφῆς.
279 2218 381 2298 φίλον
422 2208 485 2300 μὰρ
526 2208 613 2279 εἶναι
653 2215 865 2279 πεπίστευται
902 2209 998 2295 θῦμα
1034 2221 1104 2288 τοῖς

46 2355 74 2394 20
88 2324 243 2405 χθονίοις
274 2327 369 2399 θεοῖς
401 2313 463 2386 οὐκ
495 2310 685 2398 ἀπεικότως.
735 2313 883 2384 ἀθέατον
915 2313 978 2403 χάρ
1015 2315 1105 2381 ἐστιν

89 2420 244 2513 οὐρανοῦ
275 2425 368 2492 τουτὶ
395 2422 433 2494 τὸ
467 2427 567 2515 ζῷον,
600 2420 642 2494 οά
674 2423 781 2510 μόνον
814 2417 857 2490 οὐ
884 2418 1104 2508 βουλόμενον,

89 2527 163 2598 ἀλλ’
193 2526 274 2599 οὐδὲ
292 2528 441 2618 πεφυκὸς
468 2527 653 2618 ἀναβλέψαι
671 2530 760 2599 ποτέ.
796 2526 952 2608 τοιαύτας
978 2524 1040 2614 μέν
1062 2523 1104 2612 θῆ

89 2641 199 2718 αἰτίας
231 2632 314 2725 ὑπὲρ
345 2640 404 2726 τῆς
435 2633 561 2725 ἀποχῆς
594 2628 643 2705 τόν
675 2633 857 2725 ἀπέχεσθαι
889 2638 943 2702 θεῖ
972 2641 1106 2722 εἴρηκεν

89 2740 108 2812 ό
147 2754 241 2824 θεῖος
277 2743 414 2832 θεσμός·
452 2747 488 2813 οί
521 2745 687 2824 ξυνιέντες
723 2741 761 2811 δὲ
796 2741 1004 2828 κοινούμεθα
1036 2752 1106 2818 τοῖς
1124 2752 1150 2806 Ι)

51 2887 77 2927 25
91 2851 322 2937 ἐπισταμένοις
352 2850 464 2931 θεούς.
513 2846 598 2941 ὑπὲρ
625 2848 663 2919 δὲ
691 2839 740 2917 όν
768 2848 931 2937 ἐπιτρέπει
959 2847 1105 2933 χρῆσθαι

90 2959 231 3044 λέγομεν
257 2959 436 3043 τοσοῦτον,
468 2952 514 3037 ὥς
540 2954 583 3026 οὐ
609 2958 713 3026 πᾶσιν
740 2951 903 3037 ἅπαντας,
933 2949 971 3020 τὸ
1000 2955 1104 3020 θυνα-

89 3061 151 3132 τὸν
179 3062 216 3153 δέ
244 3059 262 3131 ὁ
290 3073 385 3144 θεῖος
412 3063 515 3151 νόμος
541 3066 582 3152 τῆ
609 3058 809 3150 ἀνθρωπίνῃ
838 3059 940 3147 φύσει
968 3060 1107 3128 σκοπόν

90 3171 247 3257 ἐπέτρεψε
285 3172 433 3259 χρῆσθαι
469 3170 617 3238 τουτοισὶ
652 3182 723 3249 τοῖς
758 3175 909 3251 πολλοῖς,
951 3160 1013 3252 οὐχ
1050 3167 1107 3231 ἵνα

160 3415 176 3462 3
195 3406 285 3478 ἰχθῦν
304 3412 327 3460 V
414 3413 446 3462 18
464 3399 589 3477 ὄρνισιν]
609 3401 757 3476 θυῆνησιν
774 3409 798 3456 V
818 3412 932 3488 etpet.1
950 3407 1011 3461 τοῖς
1030 3395 1107 3468 ὄρνι--

91 3493 138 3530 σιν
158 3480 240 3557 Pet„-
248 3482 368 3545 πτηνοῖς
387 3477 485 3544 spanh.
557 3481 590 3529 14
607 3473 769 3558 συμξέβηκε
786 3473 822 3542 V]
831 3471 1021 3555 ησυμβεβηκεν
1074 3473 1110 3522 25

92 3552 121 3596 et
134 3548 166 3597 28
186 3545 314 3611 χρῆσθαι
332 3548 432 3599 abesse
450 3544 543 3597 malim
611 3546 645 3596 26
663 3538 808 3608 απαντας]
826 3557 943 3594 απαντα
963 3539 987 3588 Η
