2392 3960
100 159 164 224 228
402 160 546 212 IULIANI
564 158 814 211 IIIPERATORIS

101 287 161 358 τδν
188 287 318 377 καρπὸν
347 297 427 368 ἴσως
455 285 516 375 μὲν
544 283 599 358 άν,
613 313 662 366 τις
689 295 776 355 είποι
805 284 860 356 διὰ
888 283 925 354 τὸ
954 283 998 374 μὴ
1028 291 1119 373 γίνε·

102 406 184 463 σθαι
221 397 296 483 περὶ
332 392 394 482 τὴν
432 399 600 481 Φρυγίαν,
642 399 727 486 ένθα
763 395 898 480 πρῶτον
935 387 953 459 ὃ
989 391 1120 480 θεσμὸς

101 503 253 588 κατέστη·
287 502 360 589 ἐμοὶ
393 500 429 568 δὲ
462 505 556 569 δοκεῖ
585 501 712 587 μάλλον
744 495 790 579 ὡς
822 496 914 586 ἱερὸν
945 493 1047 586 ἡλίου
1079 497 1118 567 τὸ

103 605 212 693 φυτὸν
244 604 380 695 ἀγήρων
407 612 441 675 τε
474 601 514 674 δν
542 602 584 674 ού
616 609 829 693 συγχωρῆσαι
860 611 1117 675 καταναλίσκειν

102 717 139 781 έν
166 729 237 794 ταῖς
264 709 446 799 ἁγιστείαις
473 717 520 792 είς
542 710 673 800 τροφίην
701 712 861 800 σώματος.
902 712 956 780 έπὶ
982 711 1142 792 τούτοιςῡ

102 816 327 908 ἀπηγόρευται
356 820 495 908 ἰχθύσιν
518 816 622 887 άπασι
649 822 806 907 χρῆσθαι.
847 817 964 887 κοινὸν
992 820 1033 886 δέ
1048 820 1117 886 ἐστι

63 930 200 1000 οτούτο
228 929 284 995 καὶ
316 924 400 1016 πρὸς
427 931 637 1012 Αἰγυπτίους
662 923 700 993 τὸ
732 924 917 1012 πρόβλημα.
959 927 1055 994 δοκεῖ
1081 924 1117 992 δέ

101 1039 212 1119 ἔμοιγε
241 1038 341 1101 δυοῖν
369 1035 481 1101 ἕνεκεν
500 1029 543 1099 άν
570 1058 620 1112 τις
644 1030 775 1119 ἰχθύων
793 1030 936 1119 μάλιστα
963 1029 1025 1120 μέν
1053 1027 1116 1115 άεί,

101 1139 234 1219 πάντως
262 1138 302 1206 δὲ·
327 1141 363 1206 έν
386 1153 458 1219 ταῖς
487 1133 666 1224 ἁγιστείαις
693 1134 913 1225 ἀποσχέσθαι,
941 1135 1016 1218 ἑνὸς
1043 1139 1116 1225 μέν,

94 1237 154 1313 ’ὅτι
180 1244 321 1329 τούτων,
349 1240 370 1313 ά
397 1243 442 1332 μὴ
460 1242 591 1331 θύομεν
618 1258 688 1324 τοῖς
705 1255 810 1328 θεοῖς,
838 1240 920 1312 οὐδὲ
946 1253 1115 1312 σιτεῖσθαι
1130 1258 1163 1306 10(

102 1350 270 1439 προσήκει.
312 1353 387 1431 δέος
415 1350 452 1419 δὲ
480 1360 560 1430 ῖσως
587 1347 699 1434 οὐδέν,
727 1351 770 1438 μή
799 1349 865 1418 πού
891 1375 941 1430 τις
967 1352 1117 1419 ἐνταῦθα

102 1463 214 1544 λίχνος
241 1458 297 1526 καὶ
325 1457 460 1544 γάστρις
487 1455 684 1543 ἐπιλάθηταί
708 1483 785 1544 μου,
813 1452 858 1536 ὥς
875 1482 942 1525 που
960 1457 1017 1525 καὶ
1035 1456 1117 1544 πρό-

101 1590 199 1649 τερον
227 1561 291 1651 ἤδη
319 1561 443 1633 παθὼν
471 1558 553 1631 αύτὸ
582 1562 854 1650 διαμνημονεύω,
881 1562 977 1649 ,Διὰ
1004 1567 1037 1630 τί
1064 1551 1117 1643 δέ;

104 1666 178 1756 οὐχὶ
210 1670 265 1738 καὶ
298 1669 430 1756 θύομεν
461 1665 574 1737 αὐτῶν
606 1668 763 1750 πολλάκις
793 1684 864 1750 τοῖς
898 1671 1034 1751 θεοῖς“;
1072 1675 1117 1738 εί-

103 1775 225 1856 πύντος
261 1772 416 1856 ἀκούσας.
468 1771 540 1843 ἀλλ’
575 1776 707 1863 εῖχομέν
739 1803 771 1844 τι
809 1776 864 1844 καὶ
896 1772 981 1864 πρὸς
1016 1778 1115 1844 τοῦτο
1131 1793 1153 1835 1⁵

60 1888 217 1954 Βείπεῖν.
267 1883 323 1950 καὶ
355 1880 486 1971 θύομέν
518 1908 571 1968 γε,
603 1873 764 1968 ἔφην,.ύ
795 1881 949 1970 μακάριε,
982 1887 1020 1950 ἕν
1050 1901 1118 1950 τισι

102 1997 302 2070 τελεστικαῖς
334 1995 487 2074 θυσίαις,
524 1983 569 2069 ὡς
600 1991 704 2057 ἵππον
732 1983 902 2076 Ῥωμαῖοι,
934 1983 981 2068 ὥς
1010 1986 1118 2058 πολλά

104 2097 160 2164 καὶ
187 2092 271 2163 άλλα
289 2099 395 2185 θηρία
413 2097 565 2186 καλ-ζῷα,
592 2093 698 2174 κύνας
717 2103 797 2175 ῖσως
816 2091 975 2182 Ἕλληνες
997 2089 1118 2183 Ἑκάτη

103 2202 159 2270 καὶ
187 2197 341 2289 Ῥωμαῖοι
373 2203 423 2270 δέ·
456 2202 511 2271 καὶ
542 2197 648 2270 πολλά
679 2197 758 2287 παρ’
792 2198 908 2282 άλλοις
943 2201 1012 2269 ἐστὶ
1048 2203 1119 2269 τῶν

104 2310 310 2395 τελεστικῶν,
336 2308 392 2376 καὶ
412 2313 556 2397 δημοσίᾳ
582 2321 655 2387 ταῖς
673 2306 810 2376 πόλεσιν
828 2303 914 2387 άπαξ
941 2309 1003 2375 τού
1022 2311 1120 2388 ἔτους
1132 2326 1156 2366 ¹⁰

28 2419 30 2423 ’
104 2408 125 2500 ἦ
155 2414 207 2495 δλς
224 2417 362 2483 τοιαῦτα
389 2414 536 2502 θύματα,
565 2409 637 2481 ἀλλ’
667 2409 731 2482 ούκ
749 2415 787 2481 ἐν
803 2427 876 2494 ταῖς
903 2419 1119 2503 τιμητηρίοις,

106 2511 154 2588 ὧν
190 2518 305 2607 μόνων
345 2534 522 2589 κοινωνεῖν
562 2516 658 2601 άξιον
693 2521 750 2588 καλ
790 2521 976 2608 τραπεζοῦν
1015 2528 1119 2600 θεοῖς.

104 2623 184 2705 τοὺς
212 2625 249 2694 δὲ
277 2625 398 2714 ἰχθύας
425 2629 462 2694 ἐν
488 2640 560 2708 ταῖς
585 2631 790 2716 τιμητηρίοις
817 2622 859 2695 ού
885 2624 1033 2714 θύομεν,
1067 2622 1120 2695 ὅτι

105 2731 185 2819 μήτε
217 2734 374 2820 νέμομεν,
406 2731 485 2820 μήτε
516 2735 575 2819 τῆς
606 2733 766 2818 γενέσεως
797 2728 909 2800 αὐτῶν
945 2731 1119 2820 ἐπιμελού-

55 2862 105 2912 177
111 2848 209 2926 μεθα,
237 2838 317 2927 μήτε
336 2834 417 2927 ἡμῖν
440 2843 526 2909 εἰσιν
544 2834 659 2924 άγέλαι
685 2837 837 2928 καθάπερ
864 2837 1043 2925 προβάτων
1060 2839 1118 2908 καὶ
1133 2858 1158 2901 τι

23 2999 26 3006 ,
105 2947 198 3032 βοάν
226 2942 315 3014 οὕτω
335 2945 372 3015 δέ
399 2947 455 3015 καὶ
473 2946 541 3014 τῶν
569 2943 709 3033 ἰχθύων.
748 2943 932 3032 ταῦταμὲν
960 2941 1024 3034 γάρ
1051 2939 1117 3032 ὑφ’

106 3045 201 3138 ἡμῶν
227 3051 445 3140 βοηθούμενα
462 3049 503 3121 τά
522 3052 588 3144 ζῷα
614 3051 671 3120 καὶ
689 3050 907 3139 πληθύνοντα
934 3048 992 3119 διὰ
1018 3052 1120 3121 τοῦτο

173 3269 191 3316 4
209 3257 307 3333 άγήρω
324 3262 355 3318 τὲ
373 3257 408 3319 δν
426 3269 449 3316 V
517 3269 533 3318 8
553 3264 637 3319 δυοῖν
655 3263 692 3334 Η]
711 3263 806 3318 δοιοῖν
875 3268 904 3316 11
924 3257 1064 3329 προσήκει
1082 3261 1121 3330 H]

105 3333 232 3414 κρατῆτε
303 3338 334 3386 13
352 3327 403 3386 διά
420 3331 501 3401 u'V]
520 3326 573 3384 διά
589 3351 617 3385 τι
688 3336 719 3384 16
737 3331 854 3398 εἴχομεν
871 3329 909 3398 Η]
930 3326 1033 3452 ἔχιχιεν
1086 3335 1120 3411 1η

107 3401 278 3466 αλληλοιςλ
329 3403 435 3479 2111193
453 3401 630 3468 τιμητηρίοις
644 3398 679 3469 V]
692 3399 875 3470 τιμητηρίαις
921 3402 955 3450 22
990 3399 1044 3450 κν
1071 3389 1109 3464 Io

107 3457 146 3518 ὧν
173 3469 177 3534 Ι
203 3465 299 3534 μόνων
316 3467 353 3536 Η]
371 3485 462 3537 μονον
487 3467 492 3535 Ι
518 3467 665 3532 τραπεζῶτ
683 3474 740 3535 ρετ.
808 3470 843 3521 23
861 3462 982 3536 ἰχθύας]
1001 3393 1063 3524 Vidl.
1083 3468 1120 3520 ιδ

106 3539 139 3587 57
152 3541 174 3586 Δ
243 3540 278 3589 24
294 3530 367 3604 μήτε
384 3564 418 3576 -·
434 3528 506 3606 μήτε
524 3534 563 3604 Η]
582 3529 657 3604 μηδέ
675 3561 708 3572 -
725 3530 801 3603 μηδὲ
