2370 3908
126 155 186 220 188
419 154 564 207 mmm
586 153 835 206 ιυεειτεοοετε

125 313 203 374 ραν,
231 281 329 364 αὐτὸς
350 280 453 352 ἅπασι
470 295 539 362 τοῖς
556 296 688 370 νοεροῖς
705 283 854 368 διανέμει
872 290 981 367 θεοῖς,
1004 277 1134 367 ἀγαθο-

125 388 225 478 εργὸν
260 391 316 458 καὶ
352 394 481 457 τελείαν
513 385 627 468 αὐτοῖς
663 384 781 467 διδοῦς
815 384 877 474 τὴν
919 381 1051 455 οῦσίαν.
1097 391 1135 456 ἓν

124 495 185 582 μὲν
213 494 255 583 δη
283 501 384 564 τουτί.
430 494 588 583 δεύτερον
616 492 653 561 δὲ
685 499 786 582 ἔργον
814 493 883 561 έστί
909 496 972 561 τοῦ
998 495 1086 561 θεοῦ
1112 489 1134 581 ἡ
1172 524 1175 529 ·

73 604 190 670 145τοῦ
217 605 342 689 νοητοῦ
372 600 515 681 κάλλους
542 602 579 668 ἐν
605 613 675 681 τοῖς
702 613 834 687 νοεροῖς
865 600 920 667 καί
948 595 1135 687 ἀσωμάτοις
1172 620 1175 625 ·

125 815 332 902 φαινομένης
359 809 476 894 οὐσίας
502 818 646 900 γονίμου
673 812 797 898 γεννᾶν
824 812 997 898 ἐφιεμένης
1025 813 1062 879 έν
1089 813 1134 903 τῷ

124 924 215 1013 καλῷ
243 921 299 989 καὶ
322 914 563 988 ῦπεκτίδεσδαι
590 915 650 986 τὸν
676 917 788 1003 τόνον,
816 923 863 986 ἔτι
895 913 1024 1004 ἀνάγκη
1052 943 1134 1008 προ-

125 1037 282 1113 ηγεῖσθαι
308 1023 371 1113 τὴν
398 1027 435 1092 ἐν
452 1027 498 1116 τῷ
525 1027 635 1116 νοητῷ
663 1024 774 1093 κάλλει
791 1026 890 1092 τοῦτο
909 1020 992 1092 αῦτὸ
1021 1028 1134 1092 διαιω-

125 1137 206 1211 νίας
231 1132 288 1199 καὶ
315 1127 367 1198 ἀεὶ
393 1133 571 1216 ποιοῦσαν,
598 1127 670 1198 ἀλλ’
701 1127 777 1217 οὐχί
795 1132 861 1198 νῦν
883 1128 955 1217 μέν,
982 1133 1135 1211 εἰσαῦθις

126 1235 163 1304 δὲ
196 1233 252 1322 οῦ,
284 1237 340 1304 καί
372 1235 451 1304 ποτὲ
482 1235 543 1323 μέν
575 1239 764 1322 γεννῶσαν,
797 1227 898 1316 αὖθις
930 1234 967 1304 δὲ
999 1233 1169 1322 &mom

125 1338 188 1410 ὅσα
216 1340 279 1431 γὰρ
308 1344 456 1411 ἐνταῦθα
483 1341 561 1410 ποτὲ
588 1340 683 1428 τιαλά,
710 1344 814 1411 ταῦτα
842 1343 879 1410 ἐν
905 1354 976 1421 τοῖς
1002 1355 1137 1429 νοητοῖς

125 1444 185 1515 ἀεί.
231 1449 350 1536 ῥητέον
381 1454 500 1516 τοίνυν
532 1444 638 1516 αὐτοῦ
669 1450 727 1536 της
754 1450 792 1516 έν
823 1461 892 1529 τοῖς
920 1449 1137 1535 φαινομένοις

86 1564 108 1617 Β
127 1559 233 1634 αίτίας
259 1560 403 1641 γονίμου
421 1564 713 1642 προναθηγεῖσδαι
739 1551 799 1622 τὸν
817 1556 855 1622 ἐν
881 1557 927 1645 τῷ
954 1556 1062 1646 νοερῷ
1080 1554 1136 1622 καὶ

127 1663 287 1751 διαιωνίφ
319 1660 430 1728 κάλλει
457 1658 558 1728 τόκον
585 1656 785 1747 ἀγέννητον,
814 1655 854 1728 ὃν
882 1655 900 1728 ὁ
928 1657 1008 1741 θεὸς
1037 1650 1136 1742 οῦτος

126 1769 191 1851 ἔχει
220 1766 304 1852 [καὶ]
333 1766 409 1855 περὶ
436 1763 557 1834 ἑαυτὸν
575 1761 775 1854 ὑποστήσας,
803 1756 831 1858 ᾧ
857 1766 913 1834 καὶ
931 1764 991 1834 τὸν
1008 1767 1170 1836 τέλειονῑῖ

125 1873 212 1939 νοῦν
240 1873 403 1959 διανέμει,
435 1872 587 1961 καθάπερ
620 1869 765 1960 ῦμμασιν
797 1869 953 1952 ἐνδιδοὺς
985 1869 1042 1940 διὰ
1073 1875 1137 1942 τοῦ

126 1975 238 2063 φωτὸς
263 1975 326 2066 την
354 1976 443 2065 ῦυιν,
471 1975 559 2047 οῦτοι
588 1977 625 2046 δὲ
651 1980 708 2046 καὶ
726 1981 763 2046 έν
789 1994 859 2059 τοῖς
886 1976 1050 2068 (νοητοῖς)
1078 1978 1136 2047 διὰ

124 2085 186 2150 τοῦ
213 2087 335 2172 νοεροῦ
362 2089 643 2174 παραδείγματος,
676 2079 694 2152 δ
722 2090 887 2175 προτείνει
913 2082 1000 2155 πολῦ
1029 2084 1136 2171 φανό-

22 2192 29 2209 “
124 2214 222 2276 τερον
249 2193 307 2277 τῆς
334 2196 487 2280 αἰθερίας
515 2187 631 2279 αὐγῆς,
659 2193 762 2259 πᾶσιν
790 2189 881 2279 οἶμαι
908 2205 978 2271 τοῖς
1004 2206 1136 2280 νοεροῖς

125 2291 162 2362 τὸ
191 2311 284 2364 νοεῖν
310 2299 367 2365 καὶ
393 2296 430 2366 τὸ
458 2307 614 2367 νοεῖσθαι
639 2298 781 2387 παρέχει.
827 2299 921 2385 ἑτέρα
947 2295 1031 2387 πρὸς
1057 2296 1136 2366 ταῦ·
1149 2318 1174 2359 ιο

86 2410 197 2481 Οταις
229 2404 376 2492 ἐνέργεια
407 2401 586 2531 θαημαστὴ
619 2407 775 2489 φαίνεται
800 2405 876 2494 περὶ
908 2401 969 2472 τὸν
996 2402 1135 2491 βασιλέα

26 2515 30 2527 “
124 2532 194 2575 των
213 2504 302 2575 ὅλων
322 2506 476 2578 Ἢλιον“
457 2539 478 2597 η
497 2524 567 2590 τοῖς
593 2514 758 2598 κρείττοσι
775 2510 907 2595 γένεσιν
935 2511 1136 2598 ένδιδομένη

125 2626 225 2699 μοῖρα
253 2619 403 2700 βελτίων,
431 2612 592 2702 ἀγγέλοις,
620 2620 792 2703 δαίμοσιν,
819 2613 926 2706 ηρωσι
952 2628 1076 2703 ψυχαῖς
1102 2642 1137 2684 τε

125 2732 307 2809 μερισταῖς,
349 2715 471 2789 ὁπόσαι
507 2723 668 2807 μένουσιν
705 2723 742 2790 ἐν
777 2727 1044 2812 παραδείγματος
1079 2723 1137 2790 καὶ

127 2824 217 2905 ίδέας
249 2825 351 2916 λόγῳ,
383 2825 507 2914 μήποτε
543 2825 662 2908 ἑαυτὰς
699 2830 857 2897 διδοῦσαι
893 2825 1027 2914 σώματι.
1072 2855 1137 2915 την
1150 2848 1175 2889 ιι

125 2928 186 3015 μὲν
219 2921 283 2998 οῦν
314 2932 520 3022 προκόσμιον
552 2930 672 3002 οὐσίαν
704 2937 766 3002 τοῦ
797 2936 884 3003 θεοῦ
916 2933 1075 3021 δυνάμεις
1102 2959 1137 3002 τε

125 3031 231 3102 αὐτοῦ
262 3038 318 3103 καὶ
351 3042 431 3126 ἔργα
466 3037 527 3108 τὸν
558 3041 696 3126 βασιλέα
731 3042 800 3108 τῶν
832 3037 920 3109 ὅλων
951 3034 1138 3126 ὑμνοῦντες

191 3310 208 3357 4
230 3306 281 3359 τοῦ
299 3325 349 3360 νοε
351 3306 403 3372 ροῦ
421 3310 560 3362 MbEFG
630 3315 660 3362 11
686 3327 755 3364 ποτε
773 3309 807 3378 V]
829 3327 899 3391 πρτε
969 3314 1001 3363 15
1022 3308 1100 3362 καλ·
1092 3327 1137 3361 111-

123 3374 206 3426 clusit
222 3375 250 3425 Η
331 3381 362 3428 17
380 3382 494 3442 νοητοῖς
513 3379 574 3431 add.
592 3380 652 3434 Pet.
734 3381 765 3430 18
784 3372 946 3460 φανότερον
963 3394 1050 3444 marg
1069 3386 1137 3445 pet,

124 3439 287 3522 φανοτέρου
315 3461 347 3508 v,
384 3443 586 3512 φανερωτέρον
613 3447 766 3528 MbEFG,
802 3441 1003 3514 φανερώτερον
1031 3418 1137 3498 mareil.

123 3511 156 3559 20
174 3503 206 3561 τδ
225 3482 361 3564 νοεῖσθάι
378 3510 413 3578 V]
432 3515 569 3566 νοεῖσθαι
637 3517 670 3567 25
688 3507 780 3573 αῦτάς
797 3515 822 3565 V
