2392 3960
10 39 179 101 συννι-
201 44 220 79 -·

474 183 610 235 omo
628 184 678 237 111.
1021 184 1080 247 147

64 317 239 399 γενναίαις
265 324 402 398 ψυχαῖς;
435 309 498 379 δύο
527 307 590 398 γάρ
619 307 661 397 66
693 310 778 378 τάδε
809 310 879 379 τινδ
910 311 1018 380 πειθώ
1046 339 1082 380 τε

64 420 119 487 καί
148 418 223 486 ἰδέα
251 424 364 504 φιλίας
392 423 499 503 ἕστον,
528 407 576 484 οἷν
604 413 664 503 ἥδε
682 413 753 484 κατ’
785 426 860 484 ἰσον
888 414 1080 507 ιἰρυσαμένη

10 552 12 561 ·
63 523 305 612 βουλευμάτων
336 550 372 591 τε
403 520 493 614 αὐτῷ
526 524 644 609 γέγονε
675 521 839 604 κοινωνὸς
876 526 932 593 καί
970 527 1080 614 πρᾷον

64 627 145 699 όντα
174 630 285 762 φύσει
302 627 363 698 τὸν
389 630 528 717 βασιλέα
555 631 610 697 καὶ
629 628 774 718 χρηστὸν
801 632 857 698 καὶ
881 628 1080 719 εὐγνώμονα

40 735 147 866 επρδς
184 732 205 804 ά
241 737 370 824 πέφυκε
410 744 595 825 παρακαλεῖ
630 739 757 823 μάλλον
794 737 987 825 πρεπόντως
1023 739 1079 806 καὶ

63 841 147 934 πρὸς
174 843 379 931 συγγνώμην
405 841 468 930 τὴν
496 848 595 970 δίκην
621 844 745 930 τρέπει.
774 839 857 910 ὥστε
877 841 939 912 οὐκ
967 841 1009 911 άν
1028 872 1078 924 τις

63 954 116 1018 εἰπ
63 964 170 1018 επεῖν
198 946 325 1037 έχοι,”
306 976 370 1040 οτφ
390 948 529 1035 γέγονεν
547 944 568 1035 6
588 950 718 1036 βασιλὶς
736 946 797 1036 ἥδε
815 952 852 1016 έν
876 955 953 1038 δίκη
972 948 1076 1036 τυχὸν

62 1051 82 1143 6
109 1058 167 1124 καὶ
195 1055 285 1144 παρά
312 1060 493 1142 δίκηντ
440 1061 510 1123 αίτί
509 1062 715 1145 ατιμωριας
747 1057 803 1123 καί
831 1056 997 1137 κολάσεως
1024 1085 1076 1144 μι-

10 1165 144 1251 κράς
170 1157 192 1249 6
221 1169 378 1250 μείζονος.
421 1159 582 1250 Ἀθήνησι
610 1189 670 1249 μεν
699 1153 762 1230 οὖν
782 1182 897 1249 φασιν,
926 1161 980 1231 ὅτε
1007 1178 1077 1244 τοῖς
1095 1174 1120 1226 D

27 1298 49 1339 10
62 1274 214 1356 πατριοις
241 1274 357 1337 έθεσιν
387 1272 532 1358 ἐχρῶντο
559 1269 615 1336 καί
639 1275 721 1351 ἔζων
747 1283 818 1349 τοῖς
846 1275 981 1350 οἰκείοις
1009 1296 1078 1337 πει-

10 1454 12 1459 ,
60 1375 205 1463 θόμενοι
232 1374 349 1464 νόμοις
367 1375 514 1464 μεγάλην
533 1376 588 1442 καὶ
607 1375 880 1464 πολυάνθρωπον
908 1378 1079 1457 οἰκοῦντες

10 1480 13 1547 !
60 1480 219 1568 πόλιν,ε
204 1491 340 1550 εἰποτε
367 1485 435 1550 τάν
469 1480 672 1564 δικαζόντων
700 1486 737 1550 αί
762 1485 871 1570 ψῆφοι
898 1480 971 1551 κατ’
1003 1492 1079 1551 ἴσον

61 1589 215 1682 γένοιντο
247 1603 318 1669 τοῖς
355 1588 520 1676 φεύγουσι
556 1586 640 1676 πρὸς
671 1587 750 1668 τοὺς
787 1588 984 1675 διώκοντας,
1016 1587 1078 1676 τὴν

60 1696 118 1781 τῆς
147 1690 293 1782 Ἀθηνᾶς
325 1696 559 1822 ἐπιτιθεμένην
595 1721 640 1787 τφ
677 1693 739 1782 τὴν
776 1699 876 1783 δίκην
914 1685 1076 1827 ὀφλήσειν

20 1796 214 1887 ιεμέλλοντι
246 1798 407 1869 άπολόειν
443 1800 544 1889 άμφω
581 1805 639 1888 τῆς
672 1807 795 1888 αἰτίας,
824 1800 884 1871 τὸν
921 1830 983 1891 μεν
1021 1805 1076 1870 ε’π-

58 1905 186 1992 άγοντα
214 1906 276 1995 τὴν
295 1914 499 1997 κατηγορίαν
517 1911 578 1976 τοῦ
598 1913 711 1976 δοκεῖν
740 1907 826 1976 εἶναι
846 1909 1077 1997 συκοφάντην,

56 2010 120 2080 τὸν
148 2014 197 2100 δέ,
225 2010 270 2094 ὡς
297 2014 394 2101 εἰκός,
421 2018 482 2083 τοῦ
510 2019 624 2083 δοκεῖν
651 2019 771 2101 ἔνοχον
794 2012 881 2082 εἶναι
899 2018 944 2106 τῷ
964 2028 1125 2103 πονη-ιιό

56 2119 208 2210 ρεόματι.
256 2124 378 2190 τοῦτον
414 2119 456 2208 δὴ
494 2119 784 2247 φιλάνθρωπογ’
772 2118 854 2188 όυτα
891 2123 946 2188 καί
983 2127 1075 2210 χαρί-

55 2252 138 2294 εντα
164 2224 225 2295 τὸν
251 2226 358 2315 νόμον
385 2229 437 2295 έπλ
465 2230 533 2295 τῶν
562 2223 730 2315 δικων,
710 2255 749 2307 ας
776 2225 932 2355 βασιλείας
958 2234 1075 2317 κρίνει,

15 2364 44 2405 ιο
58 2332 253 2420 σωζόμενον
279 2334 466 2425 πραότερον
499 2331 584 2421 αὕτη
612 2339 821 2421 καθίστησιν.
869 2336 911 2402 06
940 2333 1003 2423 γάρ
1033 2331 1075 2402 δν

56 2434 76 2507 6
107 2438 247 2525 φεύγων
278 2437 356 2530 παρ’
388 2438 503 2526 ὀλίγον
530 2447 614 2529 έλθη
646 2439 708 2527 την
742 2450 819 2528 ίσην
848 2443 885 2509 έν
912 2455 985 2521 ταῖς
1012 2440 1075 2529 φή-

55 2572 138 2633 φοις
166 2554 293 2634 λαχεῖν,
325 2553 451 2632 πείθει,
482 2545 544 2634 τὴν
576 2543 659 2636 ὑπὲρ
688 2543 795 2616 αὐτοῦ
823 2549 939 2635 δέησιν
972 2569 1074 2637 προσ-

54 2662 159 2720 θεῖσα
195 2653 251 2720 καί
294 2657 476 2744 ίκετηρίαν,
514 2651 650 2740 άφεῖναι
687 2653 820 2735 πάντως
861 2657 920 2742 τῆς
957 2660 1073 2735 αἰτίας.

56 2753 76 2826 6
110 2757 149 2827 δὲ
182 2756 268 2827 έκιδν
304 2759 413 2829 ἑκόντι
438 2762 490 2851 τῷ
522 2763 623 2852 θυμῷ
655 2767 819 2849 χαρίζεται
851 2759 892 2828 τά
923 2764 1071 2847 τοιαῦτα,

15 2867 114 2937 τεκαὶ
143 2861 199 2952 οὐ,
227 2867 378 2958 καθάπερ
398 2864 545 2955 Ὅμηρός
572 2886 692 2955 φησιν,
725 2866 956 2955 ἐκβιαζόμενος
983 2865 1113 2957 παρδιΒ

54 2975 115 3061 τῆς
147 2975 288 3060 γαμετης
321 2969 478 3060 ὁμολογεῖ
507 2970 578 3061 ό,τι
614 2975 799 3063 ξυγχωροίη
837 2975 893 3042 καὶ
932 2979 1074 3043 δίδωσιν

128 3153 200 3207 1τιό
217 3151 251 3208 δέ
269 3157 302 3220 V,
320 3152 411 3208 τάδε
429 3173 447 3207 v
467 3155 471 3223 Ι
490 3152 598 3223 πειθιό]
619 3158 700 3211 πίθω
718 3161 810 3210 Bruno
827 3158 989 3210 Friederich
1058 3162 1073 3208 2

56 3215 244 3291 άρρυσαμένη
262 3226 288 3275 V
357 3227 373 3276 5
390 3228 571 3304 παραπαίειν
594 3232 622 3277 et
639 3230 655 3279 6
673 3222 789 3291 τρέπειν
806 3228 830 3276 V
900 3229 914 3277 7
933 3217 997 3292 ἥδε]
1016 3221 1072 3291 η’δὲ

55 3295 218 3371 pet.10
245 3286 388 3361 πατρώοις
416 3286 537 3359 (πριόοις
564 3294 711 3359 scriptum,
737 3300 768 3345 ut
793 3293 890 3359 πρῶον
919 3296 967 3344 115
983 3291 1072 3358 C)M,

55 3354 181 3441 πράτοις
204 3365 259 3425 pet.
336 3363 368 3411 14
390 3357 623 3428 προστιθεμένην
645 3362 818 3412 161623
841 3361 893 3426 τῆς
916 3358 1011 3418 αἰτίας
1034 3330 1072 3424 V]

54 3446 110 3488 τας
129 3423 226 3486 αἰτίας
294 3431 328 3478 24
346 3427 455 3480 είκοντι
473 3428 532 3480 VM
600 3432 633 3480 25
651 3421 897 3495 έκβιαζόμενονλί
953 3432 985 3479 26
1004 3419 1073 3491 δμο-

56 3499 181 3578 λογεῖν
179 3495 246 3551 VM.
281 3495 402 3547 Cobetus
425 3498 510 3576 igitur
533 3497 714 3576 probabiliter
737 3502 833 3548 censet
850 3496 987 3547 Iulianum
1006 3497 1073 3546 scri-

56 3566 157 3630 puisse·
166 3552 294 3631 Ὅμηρός
312 3578 384 3631 φησι
402 3557 454 3616 τόν
472 3563 531 3617 Δία
549 3557 665 3632 ἰκβιαζ’
634 3564 804 3632 ζ-ομενον
822 3556 987 3631 ὁμολογεῖν,
1009 3563 1070 3614 coll.

806 3649 858 3702 10*
