2392 3960
102 156 165 219 372
403 156 547 209 ιοιιιιιι
568 155 817 209 ιιιεειειυοειε

35 295 37 298 ⁴
107 294 200 352 λεων.
245 285 361 373 πρέποι
394 281 426 353 δ’
457 280 500 353 ἀν
526 285 582 352 καὶ
609 279 691 371 ὑμῖν
719 289 766 366 είς
791 293 992 374 παραίνεσιν
1020 284 1083 375 τὸγ

54 397 334 479 289παραβαίνειν
367 389 478 480 ἱεροὺς
511 386 610 470 ὄντας
641 394 710 458 τών
741 395 833 460 θεῶν
868 391 949 473 τοὺς
985 393 1083 482 νόμοι

108 498 178 565 ἐπεὶ
207 496 243 564 δέ
270 496 330 565 τὸν
359 493 525 586 ἱερατικὸν
551 503 629 583 βίον
657 494 743 564 εἶναι
770 495 831 587 χρὴ
859 502 920 567 τοῦ
947 507 1083 570 πολιτικι

109 603 319 692 σεμνότερον,
347 600 465 671 ἀκτέον
493 603 545 670 έπὶ
572 605 693 671 τοῦτον
720 605 776 673 καὶ
804 606 993 674 διδακτέον
1023 608 1083 688 έψο

108 736 161 776 ται
189 705 288 797 δέ,
265 738 310 790 ως
337 715 400 778 εκ(
409 736 481 795 ς,
463 713 685 795 οίβελτίους·
714 707 778 795 ἐγώ
806 708 927 798 μὲν
890 739 954 801 γαρ
982 711 1083 802 εὕχομ

108 816 164 883 καὶ
200 815 345 902 πάντας,
387 818 503 897 ἐλπίζω
542 814 579 884 δὲ
615 814 695 896 τοὺς
735 818 886 898 ἐπιεικεῖς
927 817 1032 904 φύσει
1067 847 1083 888 ιι

107 926 332 1002 σπουδαίους·
366 920 607 1008 έπιγνώσονται
639 921 703 1011 γάρ
736 927 881 1004 οἰκείους
912 921 1015 1006 ὄντας
1048 910 1083 995 ἑα

107 1043 177 1108 τοῖς
209 1026 287 1108 τοὺς
318 1027 449 1114 λόγους.
500 1023 642 1114 ἀσκητέα
674 1032 793 1097 τοίνυν
829 1028 894 1118 πρὸ
931 1031 1071 1100 πάντων

108 1139 362 1222 φιλανθρωπία·
390 1133 493 1221 ταότχγ
521 1130 585 1221 γὰρ
613 1135 723 1202 ἕπεται
741 1128 846 1203 πολλὰ
873 1134 936 1223 μέν
963 1139 1022 1205 καὶ
1041 1135 1082 1207 ἀλ

67 1242 176 1307 Βτών
204 1235 356 1326 ἀγαθοῖν,
385 1241 552 1328 ἐξαίρετον
581 1238 618 1307 δέ
646 1238 688 1327 δὴ
715 1243 771 1309 καὶ
798 1243 956 1328 μέγιστον
982 1239 1005 1331 ἡ
1034 1269 1083 1316 πα.

107 1348 175 1419 τών
206 1349 299 1414 θεῶν
332 1343 491 1432 εὐμένεια.
541 1345 694 1434 καθάπερ
727 1344 791 1435 γάρ
825 1352 861 1415 οί
888 1363 960 1430 τοῖς
992 1351 1083 1420 ἕαυτι

109 1451 282 1533 δεσπόταις
310 1452 602 1538 συνδιατιθέμενοι
628 1458 708 1540 περί
730 1479 765 1520 τε
792 1460 906 1540 φιλίας
932 1456 991 1524 καὶ
1020 1477 1083 1527 σπο

108 1555 170 1637 δάς
201 1559 257 1625 καὶ
290 1563 413 1645 ἔρωτας
445 1554 638 1643 ἀγαπῶνται
673 1560 775 1627 πλέον
807 1563 875 1627 τών
912 1555 1083 1648 όμοδοόλσ

108 1659 196 1731 οὕτω
233 1665 411 1751 νομιστέον
447 1662 549 1751 φύσει
585 1663 831 1753 φιλάνθρωπον
867 1661 909 1734 όν
944 1666 982 1737 τὸ
1026 1680 1083 1740 θεῖ

108 1766 241 1856 ἀγαπᾶν
285 1767 364 1850 τοὺς
405 1768 669 1858 φιλανθρώπους
708 1773 777 1838 τών
818 1768 963 1861 ἀνδρῶν.
1024 1773 1046 1865 ἡ

109 1882 347 1963 φιλανθρωπία
378 1875 483 1963 πολλὴ
516 1878 572 1944 καὶ
599 1882 753 1946 παντοία·
786 1879 843 1946 καὶ
873 1877 918 1947 τὸ·
944 1901 1083 1970 πεφεισμ

69 1994 175 2062 Ονως
203 1981 352 2064 κολάζειν
383 1981 462 2063 τοὺς
490 1980 695 2071 ἀνθρώπους
727 1984 780 2052 ἐπὶ
806 1987 852 2075 τῷ
881 1991 1030 2071 βελτίονι
1055 2015 1083 2056 τι

108 2091 353 2176 κολαζομένων,
387 2085 497 2177 ω’,σπερ
530 2093 566 2157 οέ
595 2088 791 2158 διδάσκαλοι
822 2087 862 2157 τά
894 2098 1031 2180 παιδία,
1067 2122 1083 2163 ιι

108 2192 145 2263 τὸ
177 2192 237 2275 τὰς
268 2200 379 2284 χρείας
417 2191 530 2263 αὐτῶν
563 2198 794 2285 ἐπανορθοῦν,
832 2192 942 2287 ὥσπερ
981 2205 1020 2268 οί
1047 2211 1083 2271 θι

108 2298 166 2381 τὰς
201 2296 367 2390 ἡμετέρας.
417 2296 515 2389 όράτε
551 2298 614 2370 ὅσα
650 2296 730 2388 ἡμῖν
768 2301 954 2372 δεδώκασιν
992 2308 1030 2375 ἐκ
1064 2334 1084 2377 τ

108 2410 169 2495 γῆς
197 2404 320 2493 ἀγαθά,
348 2404 476 2495 τροφάς
502 2414 675 2495 παντοίας
689 2409 745 2475 καὶ
773 2402 899 2490 ὁπόσας
926 2407 1009 2480 οὐδὲ
1037 2408 1083 2502 όμ

109 2517 191 2582 πᾶσι
217 2528 288 2593 τοῖς
316 2513 418 2604 ζῴοις.
465 2515 533 2581 έπεὶ
563 2513 600 2582 δέ
628 2514 807 2601 έτέχθυμεν
835 2522 968 2604 γυμνοί,
997 2533 1072 2600 ταῖς

109 2623 177 2687 τών
209 2618 301 2711 ζώων
333 2615 418 2706 ἡμᾶς
448 2621 562 2708 θριξὶν
594 2622 779 2688 ἐσκέπασαν
810 2623 866 2690 καὶ
893 2637 964 2704 τοῖς
997 2626 1035 2694 εἰι
1066 2652 1083 2694 τ

110 2728 171 2813 γῆς
198 2727 382 2813 φυομένοις
408 2726 464 2794 καὶ
490 2741 560 2807 τοῖς
588 2728 623 2794 έκ
650 2728 810 2816 δένδρων.
852 2729 907 2796 καὶ
935 2725 1000 2799 οὐκ
1027 2728 1083 2821 ἦρι

66 2849 169 2902 Βσεν
201 2827 312 2912 ἁπλῶς
344 2827 425 2900 οὐδὲ
457 2828 695 2920 αὐτοσχεδίως,
731 2833 883 2923 καθάπερ
915 2830 933 2902 ὁ
967 2844 1083 2909 Μωυσ

111 2943 182 3025 έφιγ
208 2935 286 3018 τοὺς
317 2941 458 3026 χιτῶνας
494 2945 610 3025 λαβεῖν
647 2944 881 3029 δερματίνους,
913 2937 987 3010 ἀλλ’
1025 2939 1083 3034 όρά

112 3041 175 3112 ὅσα
203 3047 333 3130 ἐγένετο
364 3048 423 3132 τῆς
447 3042 607 3133 Έργάνης
631 3042 775 3133 Ἀθηνᾶς
805 3045 846 3115 τόι
874 3048 975 3136 δῶρα.
1023 3065 1083 3120 πολ

112 3160 193 3242 οίνφ
221 3154 337 3240 χρῆται
365 3154 463 3242 ζῷονς
490 3167 590 3220 ποίου
618 3154 731 3244 έλαίφ;
759 3151 847 3241 πλὴν
865 3162 898 3221 εί
921 3172 1013 3225 τισιν
1030 3153 1083 3246 ἡμι

178 3385 335 3453 4έψονται
353 3391 387 3459 V]
408 3386 532 3458 ὄψονται
552 3392 615 3458 ειο)
628 3397 691 3460 pet
709 3385 835 3458 οψοντοιι
847 3394 945 3476 ερειιλι
1000 3390 1083 3455 adm

111 3457 176 3510 τεόν
203 3465 258 3526 pet
344 3463 376 3511 12
401 3457 656 3541 συνδιατιθέμενοι
683 3461 748 3513 Cob.
792 3458 1025 3543 συνδιαθέμενοι

112 3527 211 3593 χρείας
228 3524 302 3593 Pet.]
322 3532 421 3597 χεῖρας
489 3531 522 3580 20
540 3523 702 3581 δεδώκασιν
721 3529 746 3580 V
775 3524 920 3581 δεδώκασι
