2392 3960
10 39 129 239 Γ
463 176 600 229 omo
618 177 655 228 11.
1021 176 1062 240 ης

15 300 222 393 ,ὀχυρότητι
249 304 408 391 πιστεύει,
437 300 520 371 άλλά
548 304 684 372 ἱκετεύει
712 305 912 393 συγγνώμης
940 306 1060 393 τυγχά-

10 474 12 505 ÷
41 438 121 481 νειν.
171 412 228 478 καλ
256 416 371 498 ἔτυχεν
401 407 489 500 (ἄν),
517 420 608 499 είπερ
637 402 687 498 ἦν.
707 409 797 492 άξιος
825 413 879 479 καὶ
908 408 952 499 μὴ
973 415 1059 499 &pc-0-

10 526 20 551 ¹
44 516 132 605 ράθη
162 515 323 597 πολλάκις
351 514 488 597 άπιστος
510 518 565 585 καὶ
584 516 725 605 θρασύς,
755 515 837 585 άλλα
865 516 916 585 ἐπ’
948 516 1061 600 άλλοις

10 618 238 715 προστιθεὶς
266 620 460 711 ἀδικήματα.

28 766 40 821 λ
129 745 179 817 Τά
208 747 270 834 μὲν
289 745 331 834 δὴ
350 745 432 816 κατά
459 746 521 834 τὴν
548 747 668 834 μάχην,
696 753 727 816 εί
753 745 796 834 μὴ
817 747 897 836 δόξῃ
925 775 974 829 τις
993 751 1060 816 τῶν

31 855 279 943 Ιδιηγουμένων
306 855 481 942 προσέχειν
500 856 610 922 ἐθέλοι
629 853 713 940 μηδὲ
731 858 843 920 ἐπεσιν
866 846 904 922 εὖ
922 880 1058 941 πεποιη-
1077 868 1102 920 Β

50 963 168 1049 μένοις,
197 962 230 1040 ἐς
259 957 343 1028 αὐτὰ
372 959 408 1028 δέ
437 955 521 1048 ὁρᾶν
547 957 587 1027 τά
617 965 707 1050 ἔργα,
735 962 883 1047 κρινείω.
921 962 994 1047 ἑξης
1014 958 1060 1047 δ’,

13 1156 20 1165 .
51 1072 78 1137 εί
104 1066 274 1155 βούλεσθε
306 1064 366 1153 τὴν
399 1075 544 1146 Αίαντος
576 1062 659 1155 ὑπὲρ
693 1069 760 1134 των
792 1069 879 1134 νεῶν
911 1068 967 1134 καλ
999 1065 1059 1154 τὴν

53 1174 99 1241 ἐπὶ
123 1176 188 1242 τοῦ
216 1178 346 1260 τείχους
372 1175 441 1240 τῶν
466 1170 605 1260 Ἀχαιῶν
638 1170 826 1241 ἀντιθεῖναι
854 1172 963 1261 μάχην
991 1189 1061 1254 τοῖς

37 1280 99 1347 ιέπὶ
124 1282 185 1367 τῆς
211 1278 338 1360 πόλεως
365 1282 492 1367 ἐκείνης
520 1284 640 1367 ἔργοις·
669 1271 691 1367 ᾗ
718 1277 760 1366 δὴ
779 1279 978 1365 Μυγδόνιος
1000 1304 1059 1347 πο-

54 1388 159 1474 ιαμῶν
186 1386 360 1466 κάλλιστος
387 1384 449 1472 τὴν
473 1381 579 1453 αὑτοῦ
596 1392 800 1475 προστίθησι
828 1386 953 1473 φήμην,
974 1384 1059 1475 ούση

57 1490 86 1559 δὲ
110 1493 166 1561 καὶ
183 1489 354 1579 Ἀντιόχου
382 1493 543 1579 βασιλέως
566 1492 743 1583 ἐπωνύμῳ·
771 1494 888 1578 γέγονε
918 1492 954 1560 δέ
974 1489 1059 1581 αὐτῇ

57 1598 102 1665 ταὶ
133 1600 248 1687 ἕτερον
281 1596 387 1685 ὄνομα
420 1598 608 1687 βάρβαρον,
645 1599 792 1685 σύνηθες
824 1614 893 1679 τοῖς
925 1606 1060 1679 πολλοῖς

27 1756 30 1761 -
60 1698 114 1773 διδ
138 1708 200 1793 της
226 1703 310 1794 πρὸς
342 1702 421 1785 τοὺς
447 1707 526 1792 τῇδε
558 1704 750 1792 βαρβάρους
777 1706 951 1791 ἐπιμιξίας·
979 1705 1059 1772 ταύ-

36 1808 109 1897 Ίύην
140 1809 183 1898 δὴ
216 1809 277 1898 τὴν
308 1811 406 1879 πόλιν
439 1809 579 1899 στρατὸς
611 1808 779 1898 ἀμήχανος
811 1810 933 1899 πλήθει
966 1819 1059 1900 Παρ-

59 1923 181 1985 θυαίων
208 1915 270 1999 ξὺν
296 1915 414 1998 Ἰνδοῖς
440 1919 625 2007 περιέσχεν,
658 1912 802 2004 ὁπηνίκα
830 1919 882 1985 ἐπὶ
915 1916 975 1985 τὸν
1003 1918 1097 1985 τύ-0

61 2048 173 2105 ροννον
201 2028 349 2110 βαδίζειν
376 2023 564 2112 προύκειτο·
593 2024 649 2092 καὶ
677 2020 757 2112 ὅπερ
782 2020 939 2113 Ἡρακλεῖ
955 2043 1060 2111 φασιν

61 2126 103 2195 ἐπὶ
127 2127 163 2198 τό
183 2137 352 2219 Λερναῖον
381 2130 466 2198 ἰόντι
488 2137 613 2217 θηρίον
632 2132 888 2217 συνενεχθῆναι,
916 2127 977 2197 τόν
995 2140 1059 2198 θα-

40 2234 180 2309 λάττιον
206 2244 383 2326 καρκίνον,
415 2239 513 2304 τούτο
546 2228 589 2323 ἦν
617 2231 635 2304 ὁ
663 2240 876 2324 Παρθυαίων
904 2235 1061 2323 βασιλεὺς

13 2358 28 2395 ²·
61 2340 166 2430 ἕκτης
192 2340 335 2434 ἠπείρου
366 2349 511 2431 Τίγρητα
539 2340 658 2430 διαβάς
684 2343 740 2410 καὶ
769 2345 970 2429 ἐπιτειχίζειν
998 2340 1060 2430 τὴν

10 2464 31 2519 ’λ
61 2445 144 2517 πόλιν
170 2448 334 2536 χείμασιν·
363 2447 433 2516 εἶτα
461 2454 508 2529 είς
535 2452 639 2517 ταῦτα
667 2449 844 2537 δεχόμενος
872 2446 933 2516 τὸν
961 2457 1059 2534 Μυγ-

10 2569 32 2607 ε
50 2552 165 2643 ,δόνιον
192 2561 315 2643 λίμνην
338 2552 488 2643 άπέφηνε
515 2553 552 2624 τὸ
572 2558 646 2644 περὶ
675 2558 721 2647 τῷ
741 2552 831 2623 άστει
859 2562 983 2644 χωρίον
1003 2556 1059 2623 καὶ

10 2672 31 2711 ’¹'
50 2657 54 2689 ³
61 2654 157 2751 ὅσπερ
194 2664 303 2749 νῆσον
338 2665 376 2730 ἐν
408 2658 493 2749 αὐτῇ
531 2676 662 2749 συνεῖχε
695 2658 757 2749 τὴν
792 2662 907 2748 πόλιν,
940 2659 1060 2750 μικρὸν

47 2758 284 2857 Ιιἰιιερεχουσων
302 2770 358 2837 καὶ
377 2764 677 2857 ὑπερφαινομένων
694 2770 763 2835 τῶν
782 2768 955 2848 ἐπάλξεων.
985 2770 1059 2835 ε’πο-
1071 2778 1097 2831 D

10 2888 24 2921 ¹⁵
58 2872 174 2962 λιόριιει
207 2874 245 2942 δέ
277 2878 360 2955 ναῦς
387 2901 422 2943 τε
454 2874 587 2960 ἐπάγων
619 2875 675 2942 καλ
703 2875 755 2941 ἐπὶ
783 2877 870 2942 νεῶν
898 2874 1060 2961 μηχανάς

10 2980 102 3053 'mal
133 2972 178 3068 ἦν
211 2977 272 3068 οὐχ
303 2976 427 3071 ἡμέρας
459 2987 573 3071 ἔργον,
605 2983 723 3068 μηνων
755 2979 792 3048 δὲ
820 2978 912 3068 οἶμαι
941 2979 1061 3068 σχεδόν

33 3205 38 3255 ἶ
114 3209 187 3268 λάν
204 3217 266 3268 add
284 3218 351 3268 Rsk.
404 3212 538 3269 ῖέθελοι
557 3215 627 3284 VM]
648 3160 744 3269 ἐθέλει
797 3213 934 3268 ῖεῖὸδε
955 3213 1060 3281 scm,

34 3276 82 3335 ’δλ
94 3300 147 3337 om
160 3300 179 3334 v
232 3288 264 3335 10
281 3274 387 3404 ἥδην,
408 3286 527 3336 correxit
546 3301 642 3335 manus
660 3286 795 3335 recentior
844 3288 872 3335 11
894 3277 984 3336 αύτοῦ
1004 3255 1061 3335 VM

51 3352 167 3403 110t12
189 3303 310 3420 ούσηδε
328 3350 371 3418 Η]
391 3368 461 3421 ουοη
478 3369 511 3418 γε
581 3349 672 3420 Ιῖδὴ
691 3351 766 3418 VM]
787 3348 820 3405 δε
892 3356 923 3402 18
948 3367 1061 3403 οννενε·

50 3418 211 3485 χδηνοιι-
229 3422 367 3487 καρκίνον
385 3437 437 3474 om.
457 3421 484 3469 M
555 3423 586 3471 19
603 3420 743 3485 καρκίνον
759 3416 805 3504 H]
820 3425 958 3485 καρκινον
1027 3421 1061 3467 20

49 3486 266 3554 περιτειχίζωνλ
289 3488 325 3538 cf.
343 3489 408 3538 2713
478 3490 511 3538 22
534 3478 723 3553 ἀπέφηνεν,
749 3480 896 3552 άπέφαινε
922 3488 964 3551 M,
991 3474 1061 3536 άπε-

49 3554 170 3619 φαῖνετο
188 3572 205 3607 v
274 3559 307 3607 23
326 3560 440 3623 ουνειχε
460 3554 530 3622 VM]
552 3555 666 3622 ξυνεῖχε
