2392 3960
99 76 162 141 608
399 79 542 130 Ιυιιλαι
560 79 809 132 IMPERATORIS

99 213 202 299 μάζης
236 212 422 301 θαυμάζειν
458 217 601 300 ἔφασαν,
639 212 728 294 ὅπως
762 214 884 304 κόπρια
924 216 1044 306 σιτοόμ

102 325 217 407 ζῶμεν,
241 329 274 388 εί
292 347 337 410 τω
360 318 475 399 πιστὸς
498 320 516 388 ὁ
540 319 685 407 Θούριος
708 319 794 390 είναι
817 323 1000 409 λογοποιὸς
1019 330 1044 392 δι

102 426 324 513 ἰχθυοφάγον
347 427 385 494 δὲ
405 428 460 494 καὶ
479 425 704 513 σαρκοφάγων
722 425 917 517 ἀνθρώπων
935 431 1018 518 γένη
1037 460 1044 518 χ

102 531 185 620 όναρ
210 533 327 602 ἰδόντα
350 532 411 620 τήν
434 531 512 621 παρ’
529 532 610 620 ήμίν
629 537 761 602 δίαιταν
780 539 816 602 οί
830 533 895 624 τήν
915 541 1044 626 οίκονμι

100 639 358 728 περιηγοόμενοι
385 643 449 726 γήν
477 642 679 726 ἱστοροῦσιν.
725 631 774 709 ὧν
801 649 836 708 εί
857 667 909 722 τις
931 642 1012 732 παρ’
1038 675 1044 712 ι

103 750 244 833 ζηλῶσαι
270 746 333 834 τήν
356 751 488 814 δίαιταν
512 746 726 834 ἐπιχειρήσει,
756 744 859 816 οὐδὲν
881 746 1026 837 ἄμεινον

101 858 242 921 κείσεται
277 856 347 921 τῶν
386 851 424 920 τὸ
465 850 607 920 κόνειον
642 854 963 942 προσενεγκαμένων
1000 855 1021 947 ἢ

101 957 259 1029 ἀκόνιτον
280 955 301 1046 ή
324 958 385 1028 τὸν
409 961 595 1046 ἑλλέβορον.

589 1147 628 1203 γ.

194 1245 263 1332 Τήν
285 1249 477 1332 παροινίαν,
500 1239 543 1330 ἣν
566 1248 613 1321 είς
634 1240 721 1330 ἡμᾶς
743 1241 761 1312 ὁ
784 1247 844 1331 τής
860 1242 1026 1328 Ἑλλάδος

101 1349 174 1438 μών
215 1348 467 1441 πεπαρῴνηκεν,
514 1347 607 1417 νότοι
648 1350 776 1438 βαρέως
815 1347 977 1439 ἤνεγκας,
1020 1381 1044 1423 οι

101 1453 289 1542 ήγοόμενος
319 1454 449 1522 τούτων
478 1459 524 1533 είς
556 1453 593 1522 σε
620 1455 809 1541 γεγονέναι·
850 1455 889 1525 τό
918 1484 957 1544 γε
987 1458 1044 1547 μήτ

100 1561 196 1630 πόλει
231 1568 374 1650 βοηθεῖν
407 1563 515 1650 ἐκείνῃ
549 1561 733 1647 βούλεσθαι
764 1563 820 1631 καί
851 1573 1044 1653 προθυμείσ

100 1658 175 1758 περὶ
197 1667 241 1758 ήν
265 1668 409 1756 ἐποιήσω
429 1667 488 1747 τὰς
506 1668 689 1757 διατριβάς,
712 1667 904 1756 φιλοσόφου
923 1677 1034 1761 ψυχῆς

25 1768 33 1787 Χ
100 1774 290 1865 τεκμήριον,
314 1774 397 1844 ὥστε
419 1802 476 1861 μοι
500 1775 651 1844 δοκεῖτὸ
675 1775 738 1864 μὲν
759 1775 926 1867 πρότερον
944 1785 1044 1868 Σωκρ

101 1881 295 1970 προσήκειν,
321 1881 359 1950 τὸ
384 1881 543 1969 δεύτερον
566 1880 603 1948 δὲ
627 1878 719 1968 οἶμαι
741 1889 947 1974 Μονσωνίφ.
995 1888 1044 1956 ἐκε

103 1989 165 2076 μὲν
191 1989 255 2077 γὰρ
279 1994 357 2075 ἔφη,
385 1986 437 2056 ὅτι
459 1986 505 2075 μή
527 1986 670 2074 θεμιτὸν
692 1986 801 2077 ἄνδρα
824 1994 1016 2062 σπουδαῖον
1036 2023 1044 2063 ι

100 2100 253 2166 τουτων
275 2094 438 2183 χειρόνων
460 2096 515 2162 καὶ
539 2096 881 2182 φαόλωνιβλαβήναι·
906 2095 925 2165 ό
950 2099 991 2167 δὲ
1010 2101 1044 2168 ἐπ

100 2213 175 2272 λετο
208 2203 304 2291 (τῶν)
340 2200 488 2287 βόρεων,
525 2199 624 2289 ήνίκα
655 2199 794 2287 φεύγειν
825 2200 932 2271 αὐτὸν
968 2207 1044 2276 έπέτ

99 2312 231 2399 Νέρων.

54 2482 92 2523 ιτο
589 2450 627 2518 δ’·

189 2573 282 2662 Πρὸς
317 2573 379 2661 τήν
406 2571 586 2662 Ἑρκυνίαν
622 2571 708 2660 ὕλην
740 2574 894 2664 ἕθίομεν,
932 2581 991 2648 καὶ
1024 2580 1044 2648 εἰ

100 2680 163 2767 ἐγὼ
200 2686 309 2768 χρήμα
346 2682 501 2761 ἐξαίσιον.
552 2678 629 2762 ίόοό
664 2684 749 2766 γοῦν
786 2701 840 2750 σοι
873 2678 1021 2775 θαρρῶν

100 2788 279 2875 ἐγγυῶμαι,
298 2786 421 2874 μήποτε
441 2780 556 2873 ὦφθαι
575 2791 731 2856 τοιοῦτον
748 2790 866 2877 μηδέν,
885 2788 951 2860 ὅσα
968 2792 1044 2882 γεή

166 2972 182 3021 9
211 2969 308 3020 suidas
327 2983 349 3018 s.
372 2962 544 3026 Μουσώνιος
561 2964 733 3028 Καπίτωνος
757 2973 824 3022 ets.
847 2961 953 3036 Βάρεις
1024 2975 1044 3025 1<

99 3035 158 3085 add.
179 3037 202 3086 A
221 3037 322 3086 Suidae
370 3038 400 3085 11
420 3027 499 3086 οὗτοι
518 3029 626 3100 βαρέως
644 3036 742 3096 Hrch.]
761 3026 837 3088 οότω
854 3033 973 3103 flumme
1026 3044 1044 3093 1¹

98 3099 259 3169 θεμιτόν-
281 3106 311 3154 18
331 3101 482 3170 βλαβῆναι]
513 3103 584 3154 Plat.
608 3101 688 3168 Apol.
707 3103 776 3155 30D
864 3107 897 3157 18
922 3104 976 3160 καὶ
994 3124 1044 3175 φιν

99 3171 201 3221 addunt
218 3171 284 3222 libri
301 3170 401 3221 Suidae
447 3173 478 3221 18
496 3175 523 3221 et
542 3174 573 3221 19
592 3162 607 3223 ὁ
626 3165 660 3222 δὲ
679 3163 831 3235 ἐπεμέλετο
850 3172 941 3241 Βαλᾶ]
960 3168 1044 3243 ἕπεμί

98 3232 153 3304 γὰρ
225 3241 255 3289 19
273 3236 330 3289 τῶν
347 3239 407 3293 add,
425 3231 657 3306 Ηνελι,1βόρεων
676 3235 826 3305 Kusterus]
846 3237 945 3307 βαρῶν
1001 3246 1034 3295 21

99 3307 148 3356 das
168 3322 189 3356 s.
209 3305 314 3373 Χρήμα
382 3309 415 3356 22
442 3299 577 3373 ἕθὲομεν]
598 3298 729 3372 ήλθομεν
747 3307 832 3362 Hrch.
902 3311 938 3364 23
955 3312 1040 3363 otu

98 3365 254 3455 ἕγγνῶμαχ]
272 3367 416 3440 ἐγγυῶμαι
435 3374 519 3452 λοοχλε
536 3374 638 3437 Heyler
657 3378 684 3424 et
696 3375 780 3426 Hrch.
822 3377 857 3426 24
874 3369 1044 3443 μήποτεδσλ

98 3457 137 3507 μη
157 3457 188 3493 σε
204 3442 207 3508 Ι
223 3458 278 3495 οσα
296 3459 328 3508 γε
347 3441 457 3508 Suidas]
478 3456 532 3494 οσα
550 3439 618 3494 ποτέ
637 3458 670 3509 γε
