2370 3908
101 175 163 239 110
402 175 547 225 mmm
563 171 817 224 IMPERATORIS

101 331 181 391 γονε
207 299 291 372 κατὰ
319 303 445 383 πάντας
472 297 676 389 ἀνθρώπους
698 301 853 389 ἐκφανές·
881 298 1024 369 ἐκάλουν
1052 295 1115 388 γδιρ

101 408 207 479 αὐτὸν
242 412 385 498 Περσῶν
423 413 458 477 οί
492 406 654 499 γνώριμοι
691 405 803 497 ὅτιπερ
843 402 1017 493 Ἀθηναῖοι
1056 400 1117 474 τὸν

101 516 295 605 Σάραμβον.

180 618 264 690 Ἀλλ’
296 626 382 690 ἔοικε
410 619 475 711 γάρ
503 616 649 708 ὁλόγος,
678 618 789 710 ὥσπερ
818 614 903 689 όδοῦ
930 645 1022 700 τινος
1040 645 1115 688 κατ-

102 727 226 809 άντους
244 730 492 816 ἐπιλαβόμενος,
510 723 658 814 ἀφειδῶς
680 730 904 816 ἐμφορεῖσθαι
921 728 980 814 τῆς
997 749 1144 814 καταρε

102 834 229 924 ρήσεως
255 835 311 903 καί
338 833 423 925 πέρα
449 837 512 903 τοῦ
539 835 676 915 δέοντος
701 833 853 915 κολάζειν
884 834 952 900 τῶν
980 827 1119 921 ἀνδρων

100 938 180 1021 τοὺς
207 940 362 1031 τρόπους,
391 938 475 1011 ὥστε
504 937 566 1010 οὐκ
584 942 794 1031 ἐπιτρεπτέον
818 936 909 1030 αὐτῷ
936 940 1118 1028 περαιτέρω

47 1065 82 1116 86
102 1049 235 1135 φοιτᾶν.
276 1044 477 1135 ἀπαιτητέον
505 1046 542 1116 δὲ
570 1051 617 1127 είς
644 1045 791 1135 δύναμιν
817 1041 878 1115 τὸν
905 1041 1041 1131 ἀγαθον
1061 1041 1118 1113 ἀν-

102 1158 167 1242 δρα
193 1154 250 1222 καὶ
277 1151 453 1239 βασιλικὸν
472 1154 527 1222 καλ
546 1153 791 1242 μεγαλόφρονα.
832 1157 902 1221 ἐστι
920 1149 957 1221 δέ
984 1152 1120 1240 πρῶτον

101 1257 164 1346 μέν
190 1256 332 1346 εὐσεβὴς
358 1260 414 1329 καὶ
438 1256 501 1328 οὐκ
529 1255 691 1349 ὀλίγωρος
708 1265 889 1350 θεραπείας
914 1260 1020 1344 θεῶν,
1048 1255 1144 1327 εἷται

102 1367 136 1445 ἐς
167 1363 248 1446 τοὺς
279 1367 394 1446 τοκέας
426 1365 549 1448 ζῶντάς
580 1391 615 1434 τε
647 1363 739 1453 οἶμαι
771 1366 827 1435 καὶ
858 1363 1121 1452 τελευτήσαντας

103 1468 194 1551 ὅσιος
229 1473 285 1539 καὶ
317 1473 484 1561 ἐπιμελής,
521 1467 681 1559 ἀδελφοῖς
711 1499 747 1540 τε
777 1468 914 1556 εάνους,
950 1472 1006 1539 καλ
1040 1466 1120 1559 ὁμο-

102 1583 221 1664 γνίους
252 1576 356 1660 θεοὺς
389 1578 604 1666 αἰδούμενος,
637 1580 758 1660 ἱκέταις
789 1579 845 1648 καί
878 1578 986 1658 ξένοις
1013 1579 1120 1668 πρᾷος

102 1685 158 1752 καὶ
186 1690 340 1772 μείλιχος,
367 1699 437 1766 τοῖς
455 1684 516 1773 μέν
535 1683 678 1771 ἀγαθοῖς
705 1687 774 1753 τῶν
791 1686 938 1754 πολιτῶν
966 1679 1120 1772 ἀρέσκειν

102 1791 246 1877 ἐθέλων,
277 1793 347 1859 τῶν
377 1794 511 1860 πολλῶν
543 1791 581 1859 δέ
613 1790 847 1880 ἐπιμελόμενος
883 1792 921 1859 ἐν
953 1794 1029 1878 δίκη
1061 1790 1144 1859 καλε

102 1893 154 1964 ἐπ’
190 1893 346 1988 ἀφελείᾳ·
384 1894 495 1988 ἀγαπᾷ
528 1898 566 1967 δέ
601 1901 765 1985 πλοῦτον,
803 1894 877 1966 οότι
908 1893 968 1964 τὸν
1005 1898 1120 1987 χρυσῷ

62 2003 159 2070 Βκαὶ
187 2000 324 2096 ἀργόρφ
352 2003 575 2093 βριθόμενον,
603 2011 713 2092 φίλων
740 2004 778 2074 δέ
806 2001 957 2091 ἀληθοῦς
984 1998 1121 2081 εὐνοίας

102 2111 159 2178 καὶ
200 2106 427 2180 ἀκολακεύτου
467 2117 649 2202 θεραπείας
684 2110 818 2199 μεστόν·
861 2106 1019 2198 ἀνδρεῖος
1057 2107 1120 2197 μέν

103 2215 205 2302 φύσει
230 2218 287 2286 καὶ
319 2219 582 2309 μεγαλοπρεπής,
614 2219 746 2309 πολέμφ
781 2216 818 2288 δέ
845 2214 965 2304 ἥκιστα
991 2221 1120 2305 χαίρων

102 2323 158 2389 καί
192 2322 310 2391 στάσιν
341 2325 506 2412 ἐμφύλιον
539 2321 770 2414 ἀπεχθαίρων,
802 2323 882 2404 τούς
913 2348 950 2407 γε
982 2319 1050 2410 μὴν
1083 2328 1144 2392 ἐκε

102 2454 193 2509 τινος
228 2428 329 2517 τόχης
361 2432 609 2518 ἐπιφυομένους
638 2426 660 2518 ἢ
693 2429 751 2499 διά
781 2428 844 2517 την
876 2430 975 2516 σφῶν
1006 2425 1120 2497 αὐτῶν

102 2541 293 2624 μοχθηρίαν
334 2532 497 2627 ἀνδρείως
542 2532 769 2625 ὑφιστάμενος
809 2537 865 2606 καὶ
907 2531 1120 2623 ἀμυνόμενος

103 2641 279 2727 ἐγκρατῶς,
306 2643 400 2723 τέλος
426 2669 461 2711 τε
488 2643 622 2730 ἐπάγων
648 2658 719 2724 τοῖς
746 2648 856 2731 ἔργοις
882 2641 940 2710 καὶ
967 2637 1010 2709 οά
1037 2641 1120 2731 πρό-

103 2756 200 2833 τερον
228 2743 462 2836 ἀφιστάμενος,
489 2751 570 2839 πρὶν
594 2743 640 2818 ἀν
663 2750 755 2837 ἐξέλη
773 2752 842 2818 τάν
869 2753 1037 2834 πολεμίων
1055 2747 1120 2836 την

63 2851 251 2940 Οδόναμιν
282 2854 337 2922 καὶ
371 2850 565 2945 ὑποχείριον
597 2851 687 2948 αὐτῷ
719 2855 905 2944 ποιήσηται.
950 2853 1144 2942 κρατήσαςε

103 2957 141 3026 δέ
168 2957 248 3046 μετά
275 2962 343 3029 τάν
371 2958 483 3030 όπλων
506 2967 629 3031 ἐπαυσε
652 2959 690 3030 τὸ
710 2963 807 3050 ξίφος
835 2961 964 3051 φόνων,
992 2967 1120 3050 μίασμα

103 3070 229 3155 κρίνων
261 3064 322 3135 τὸν
355 3064 417 3137 οὐκ
450 3065 662 3156 ἀμυνόμενον
695 3075 742 3137 ἐτι
769 3075 911 3138 κτείνειν
939 3067 994 3135 καὶ
1023 3063 1119 3136 ἀναι-

104 3185 184 3261 ρείν.
227 3171 411 3259 φιλόπονος
439 3173 477 3243 δέ
500 3170 549 3243 ἀν
577 3175 678 3262 φύσει
705 3177 760 3244 καί
788 3174 1020 3264 μεγαλόψυχος
1047 3200 1118 3243 κοι·

105 3341 309 3470 εοεαε
323 3337 678 3495 ιαιικλμέιιαε
699 3339 1120 3491 κατοικιοῦσιν

103 3471 279 3560 μελοόμενος
348 3483 382 3558 2}
398 3477 466 3547 πρὶν
485 3480 523 3534 αν
540 3480 574 3548 V]
593 3479 663 3550 πρὶν
680 3481 777 3534 πᾶσαν
837 3484 871 3534 25
888 3496 1042 3546 ποιησετοιι
1059 3480 1119 3532 VM

104 3547 137 3596 26
156 3543 268 3614 φονων]
289 3548 411 3614 φονωνλ
