2392 3960
430 167 635 220 αειετοιειι
653 171 696 223 ιο.
714 171 755 222 ιο.
1036 169 1102 236 579

79 330 121 391 γε
147 301 208 373 οῦκ
231 299 327 391 ἀνίης
349 303 404 370 καὶ
426 303 595 392 παρόντας
618 295 656 372 εῦ
679 307 787 374 ποιιόν
810 302 861 373 ἀεὶ
879 307 935 374 καὶ
953 303 1102 388 ἀπόντας
1157 304 1165 322 '

81 408 148 479 οῦκ
170 407 364 497 εὐφραίνων
392 408 507 496 μόνον,
527 403 578 490 οἷς
604 408 759 499 γράφεις,
790 409 875 480 ἀλλά
897 413 954 480 καὶ
976 411 1100 494 σοι’ζων.

81 516 140 585 ὅτε
171 520 257 603 γοῦν
289 515 468 603 ἀπήγγειλέ
496 523 557 605 μοί
583 544 632 598 τις
658 524 812 606 ἔναγχος,
847 517 894 598 ὡς
920 518 1009 608 παρὰ
1037 523 1102 590 σοῦ

80 623 261 712 γράμματα
297 629 436 712 κομίσας
467 623 596 710 ἑταῖρος
626 623 718 712 ἥκοι,
754 623 940 712 ἐτύγχανον
972 625 1034 714 μὲν
1064 629 1101 695 ἐν

49 755 65 797 ε
81 728 187 821 ἀηδίᾳ
209 734 270 799 τοῦ
293 729 461 817 στομάχου
483 742 629 817 τριταῖος
648 727 714 817 ῆῦη
732 729 905 811 καθεστὼς
920 737 981 800 καί
994 757 1026 799 τι
1043 733 1100 801 καὶ

80 840 268 926 περιαλγῶς
295 842 381 924 ἔχων
406 839 468 904 τοῦ
496 834 661 924 σώματος,
693 833 740 916 ιὸς
760 836 846 925 μηδὲ
868 839 929 919 ἔξω
954 840 1101 925 πυρετοῦ

80 959 210 1033 μεῖναι·
252 945 426 1031 σημανθίυ
458 944 510 1029 δέ,
547 940 593 1022 ὡς
619 947 721 1030 ἔφην,
753 941 804 1011 ὅτι
831 969 888 1031 μοι
915 942 999 1032 πρὸς
1025 959 1150 1027 ταῑς447

80 1050 208 1139 θύραις
235 1048 253 1119 ὁ
276 1048 317 1117 τά
339 1050 514 1138 γράμματα
537 1053 623 1136 ἔχων
646 1058 713 1136 είη,
743 1047 808 1137 ἐγὼ
831 1049 894 1138 μὲν
917 1049 1027 1142 ὥσπερ
1050 1079 1101 1134 τις

70 1155 229 1244 ,ἀκρατῆς
264 1155 386 1224 ἑαυτοῦ
418 1156 474 1224 καὶ
505 1154 645 1242 κάτοχος
676 1152 894 1244 ἀναπηδήσας
927 1149 989 1247 ῆξα
1019 1158 1100 1248 πρὶν

36 1287 68 1328 ιο
82 1261 152 1350 ό,τι
190 1263 261 1332 δέοι
296 1275 460 1351 παρεῖναι.
505 1261 575 1330 ἐπεὶ
607 1261 647 1329 δὲ
677 1262 733 1330 καὶ
761 1267 883 1348 ἔλαβον
914 1267 962 1344 εἰς
987 1264 1161 1355 χείραςιιο
1190 1342 1193 1347 ,

81 1369 148 1456 τῆν
174 1367 352 1455 ἐπιστολὴν
378 1366 500 1456 μόνου,
527 1363 643 1455 ὀμνύω
670 1364 751 1447 τοῦς
772 1365 877 1448 θεοὺς
898 1365 1023 1450 αύτούς
1043 1373 1100 1440 καλ
1183 1396 1187 1403 ’

81 1477 146 1544 τὸν
174 1475 224 1544 ἐπὶ
253 1480 312 1543 σοί
330 1500 371 1561 με
393 1471 570 1555 ἀνάψαντα
592 1472 721 1559 πόθον,
754 1470 800 1553 ῦς
822 1471 891 1562 ἅμα
912 1500 948 1543 τε
970 1480 1101 1565 ἔφυγον

84 1586 121 1650 οί
145 1581 245 1650 πόνοι
270 1587 330 1650 καί
350 1607 390 1669 με
411 1581 467 1649 καὶ
491 1577 509 1649 ὁ
533 1579 675 1668 πυρετὸς
697 1577 822 1668 ἀνῆκεν
846 1576 967 1668 εύθύς,
990 1583 1101 1674 ὥσπερ

81 1689 153 1758 τινὶ
188 1693 250 1757 τοῦ
285 1691 435 1775 σωτῆρος
468 1687 603 1774 ἐναργεῖ
631 1692 798 1776 παρουσία
832 1688 1169 1777 δυσωπούμενοςΒΙ

36 1827 68 1868 15
84 1794 131 1876 ὡς
160 1796 197 1864 δὲ
218 1797 275 1866 καὶ
296 1795 401 1875 λύσας
423 1792 590 1881 ἀνέγνων,
622 1797 699 1862 τίνα
721 1819 762 1880 με
784 1791 850 1883 ῆγῆ
873 1793 985 1884 φνχῆν
1008 1797 1100 1886 ἐσχη-

82 1905 179 1972 κέναι
201 1902 274 1971 τότε
297 1899 318 1990 ῆ
339 1901 446 1988 πόσης
462 1898 589 1989 ῆᾶονῆς
607 1897 784 1968 ἀνάπλεων
802 1906 1017 1990 γεγενῆσθαι,
1039 1901 1101 1972 τὸν

82 2015 262 2096 φίλτατον,
298 2005 343 2088 ὡς
374 2006 455 2095 φῆς,
491 2003 641 2093 ἀνίμων,
676 2004 738 2074 τὸν
765 2007 925 2093 ἐρωτικὸν
952 2005 1100 2097 ἀληθῶς,
1190 2040 1193 2045 ·

83 2114 145 2184 τὸυ
178 2112 340 2208 διάκονον
365 2117 434 2182 τῶν
459 2115 572 2181 καλοῦν
597 2109 885 2200 ὑπερεπαινοῦπά
911 2140 946 2182 τε
968 2115 1028 2182 καί
1046 2141 1101 2202 φι-

83 2224 210 2289 λοῦντα
242 2225 393 2305 δικαίοις,
430 2218 482 2288 ὅτι
513 2244 572 2307 μοι
600 2221 669 2287 τοῖν
694 2217 784 2308 παρά
812 2222 875 2288 σοῦ
897 2219 1101 2309 γραμμάτιον

36 2358 69 2400 ιο
82 2324 250 2414 ὑπηρέτης
278 2326 433 2415 γέγονεν,
471 2325 604 2410 [οἱονεὶ]
631 2328 761 2413 πτηνοῦ
794 2329 894 2412 δίκην
925 2323 1008 2414 ῆμίν
1038 2325 1101 2415 τῆν

83 2431 265 2523 ἐπιστολὴν
288 2431 473 2512 διευθύνας
495 2430 599 2522 οῦρίφ
621 2456 656 2500 τε
678 2431 734 2499 καλ
752 2435 910 2523 πομπίμφ
928 2431 1100 2518 πνεύματι,
1133 2416 1153 2447 ”

84 2536 133 2623 &tf
158 2531 198 2625 ῆς
221 2537 262 2609 οῦ
284 2538 393 2627 μόνον
414 2535 562 2628 ὑπῆρξεν
582 2533 736 2624 ἡσθῆναί
755 2561 813 2624 μοι
834 2534 875 2605 τά
895 2537 1007 2607 εἰκότα
1024 2539 1100 2627 περὶ
1118 2547 1139 2604 0

84 2649 151 2713 σοῦ
178 2644 310 2732 γνόντι,
342 2641 509 2712 ἀλλὰκαὶ
535 2640 625 2734 αὐτῷ
651 2640 816 2730 κάμνοντι
837 2641 927 2731 παρά
951 2647 1015 2713 σοῦ
1037 2665 1101 2714 σοι·

36 2802 47 2817 .
83 2757 206 2840 θῆναι,
233 2752 274 2820 τά
296 2777 334 2839 γε
356 2749 424 2839 μῆυ
445 2748 529 2818 ἀλλα
551 2751 621 2830 πῶς
643 2744 665 2818 ἀ
686 2752 821 2839 πρῶτον
842 2747 927 2838 πρὸς
947 2748 1010 2838 τῆν
1033 2752 1101 2820 ἐπι-

36 2889 68 2930 εε
84 2858 211 2945 στολὴν
246 2863 376 2925 ἔπαθον
412 2851 533 2943 εἴποιμ’
573 2853 632 2944 ἀν,
667 2850 689 2942 ῆ
724 2859 794 2936 πῶς
829 2851 873 2924 ἀν
909 2852 1101 2946 ἀρκούντως

156 3122 172 3170 5
189 3116 242 3170 καί
257 3135 284 3169 τι
302 3113 353 3168 καλ
371 3112 472 3184 Hrch.]
496 3114 548 3168 καί
564 3131 609 3168 τοι
626 3111 677 3167 καὶ
745 3118 762 3167 9
780 3106 887 3169 ἑαυτοῦ
905 3113 946 3182 Η]
971 3107 1099 3182 ἐμαυτοῦ
1181 3128 1192 3147 ¹

85 3175 170 3255 Ιῇξα
187 3182 303 3252 Heyler]
332 3172 390 3252 ῆξα
407 3189 476 3251 μοι,
493 3172 564 3262 ῆιξα
581 3185 641 3236 Pet.
660 3183 759 3250 τροπὴ.
829 3186 862 3236 10
887 3169 941 3247 &aa
958 3179 1033 3250 Ροι.]
1052 3171 1099 3236 ὅτι

85 3259 118 3308 ΓΙ
137 3241 176 3314 ὦς
194 3252 286 3320 φαίην
305 3245 342 3305 ἀν
363 3253 431 3306 Rsk.
464 3250 469 3318 1
500 3246 616 3318 ανέμων
634 3246 674 3317 Η]
700 3242 809 3318 ἄνεμον
826 3251 945 3317 Ηιγίοτ,
975 3241 1109 3318 ἄγγελον-

60 3321 184 3386 .Hroh.‚
207 3311 244 3374 ἀν
262 3313 311 3388 ἐμὲ
330 3325 386 3387 μου
419 3307 457 3371 ἀν
474 3311 545 3386 ἐμόν
562 3318 660 3385 spanh.
696 3319 812 3385 Spectat
827 3319 952 3370 Iulianus
970 3317 1100 3384 Sophoel.

83 3390 204 3443 Ριιιοα.
223 3392 273 3441 νε
319 3391 354 3440 ιο
370 3357 462 3440 dom
481 3388 612 3452 expunxit
629 3386 717 3439 Ηιει.
768 3381 802 3438 ιι
820 3375 895 3439 λιιι
911 3382 1007 3453 nrm]
1026 3378 1101 3437 λικε

83 3461 120 3512 24
139 3447 289 3536 &nHeerrJ
308 3443 344 3508 ἀν
359 3459 365 3517 Ι
379 3453 492 3521 πρῶτον
510 3453 612 3507 delevit
629 3453 714 3506 Hroh.
738 3455 816 3510 Fort.
834 3443 908 3519 ἀπερ
926 3452 1101 3506 scribendum

82 3543 136 3595 pro
155 3543 174 3576 α
193 3539 306 3591 πρωτον

832 3603 888 3661 37*
