<?xml version="1.0" encoding="UTF-8"?>
<!DOCTYPE html PUBLIC "-//W3C//DTD XHTML 1.0 Transitional//EN"
    "http://www.w3.org/TR/xhtml1/DTD/xhtml1-transitional.dtd">
<html xmlns="http://www.w3.org/1999/xhtml" xml:lang="en" lang="en">
 <head>
  <title>
</title>
<meta http-equiv="Content-Type" content="text/html;charset=utf-8" />
  <meta name='ocr-system' content='tesseract 3.04.00' />
  <meta name='ocr-capabilities' content='ocr_page ocr_carea ocr_par ocr_line ocrx_word'/>
</head>
<body>
  <div class='ocr_page' id='page_1' title='image "./iulianiimperato00juligoog_0121.png"; bbox 0 0 2370 3908; ppageno 0'>
   <div class='ocr_carea' id='block_1_1' title="bbox 119 192 831 259">
    <p class='ocr_par' dir='ltr' id='par_1_1' title="bbox 119 192 831 259">
     <span class='ocr_line' id='line_1_1' title="bbox 119 192 831 259; baseline -0.006 -11"><span class='ocrx_word' id='word_1_1' title='bbox 119 193 179 259; x_wconf 81' lang='lat'><strong><em>106</em></strong></span> <span class='ocrx_word' id='word_1_2' title='bbox 418 193 562 246; x_wconf 78' lang='lat' dir='ltr'><strong>IULIANI</strong></span> <span class='ocrx_word' id='word_1_3' title='bbox 583 192 831 245; x_wconf 82' lang='lat' dir='ltr'><strong>IMPERATORIS</strong></span> 
     </span>
    </p>
   </div>
   <div class='ocr_carea' id='block_1_2' title="bbox 59 317 1173 3175">
    <p class='ocr_par' dir='ltr' id='par_1_2' title="bbox 59 317 1173 3175">
     <span class='ocr_line' id='line_1_2' title="bbox 117 317 1133 411; baseline -0.002 -20"><span class='ocrx_word' id='word_1_4' title='bbox 117 325 238 392; x_wconf 81' lang='grc' dir='ltr'><strong><em>ἐκείνοι</em></strong></span> <span class='ocrx_word' id='word_1_5' title='bbox 265 317 331 391; x_wconf 82' lang='grc' dir='ltr'><strong><em>ὑπο</em></strong></span> <span class='ocrx_word' id='word_1_6' title='bbox 360 318 508 411; x_wconf 95' lang='grc' dir='ltr'><strong><em>ἀμαθίας</em></strong></span> <span class='ocrx_word' id='word_1_7' title='bbox 536 319 779 408; x_wconf 78' lang='grc' dir='ltr'><strong><em>ἐξαπατώμενοι</em></strong></span> <span class='ocrx_word' id='word_1_8' title='bbox 806 320 911 387; x_wconf 79' lang='grc' dir='ltr'><strong><em>ταῦτα</em></strong></span> <span class='ocrx_word' id='word_1_9' title='bbox 942 320 1012 387; x_wconf 85' lang='grc' dir='ltr'><strong><em>τῶν</em></strong></span> <span class='ocrx_word' id='word_1_10' title='bbox 1037 321 1133 389; x_wconf 86' lang='grc' dir='ltr'><strong><em>θεῶν</em></strong></span> 
     </span>
     <span class='ocr_line' id='line_1_3' title="bbox 70 422 1133 515; baseline -0.008 -12"><span class='ocrx_word' id='word_1_11' title='bbox 70 449 96 503; x_wconf 92' lang='lat' dir='ltr'>D</span> <span class='ocrx_word' id='word_1_12' title='bbox 115 427 372 510; x_wconf 75' lang='grc' dir='ltr'><strong><em>κατεψεύδοντο.</em></strong></span> <span class='ocrx_word' id='word_1_13' title='bbox 419 433 451 496; x_wconf 87' lang='grc' dir='ltr'><strong><em>εί</em></strong></span> <span class='ocrx_word' id='word_1_14' title='bbox 476 423 541 515; x_wconf 90' lang='grc' dir='ltr'><strong><em>γάρ</em></strong></span> <span class='ocrx_word' id='word_1_15' title='bbox 568 425 610 514; x_wconf 87' lang='grc' dir='ltr'><strong><em>δή</em></strong></span> <span class='ocrx_word' id='word_1_16' title='bbox 638 427 694 495; x_wconf 80' lang='grc' dir='ltr'><strong><em>καὶ</em></strong></span> <span class='ocrx_word' id='word_1_17' title='bbox 727 426 780 494; x_wconf 79' lang='grc' dir='ltr'><strong><em>έπὶ</em></strong></span> <span class='ocrx_word' id='word_1_18' title='bbox 807 427 877 493; x_wconf 89' lang='grc' dir='ltr'><strong><em>τῶν</em></strong></span> <span class='ocrx_word' id='word_1_19' title='bbox 904 422 1015 495; x_wconf 84' lang='grc' dir='ltr'><strong><em>ἀλλων</em></strong></span> <span class='ocrx_word' id='word_1_20' title='bbox 1042 423 1133 507; x_wconf 88' lang='grc' dir='ltr'><strong><em>είκδς</em></strong></span> 
     </span>
     <span class='ocr_line' id='line_1_4' title="bbox 115 527 1133 623; baseline -0.003 -19"><span class='ocrx_word' id='word_1_21' title='bbox 115 527 159 623; x_wconf 87' lang='grc' dir='ltr'><strong><em>ήν</em></strong></span> <span class='ocrx_word' id='word_1_22' title='bbox 191 535 440 622; x_wconf 73' lang='grc' dir='ltr'><strong><em>ἐξαπατηθῆναι</em></strong></span> <span class='ocrx_word' id='word_1_23' title='bbox 466 536 559 603; x_wconf 84' lang='grc' dir='ltr'><strong><em>θεῶν</em></strong></span> <span class='ocrx_word' id='word_1_24' title='bbox 591 528 612 620; x_wconf 87' lang='grc' dir='ltr'><strong><em>ή</em></strong></span> <span class='ocrx_word' id='word_1_25' title='bbox 642 530 829 620; x_wconf 77' lang='grc' dir='ltr'><strong><em>δαιμόνων,</em></strong></span> <span class='ocrx_word' id='word_1_26' title='bbox 862 530 1014 621; x_wconf 84' lang='grc' dir='ltr'><strong><em>σχήματα</em></strong></span> <span class='ocrx_word' id='word_1_27' title='bbox 1039 558 1133 623; x_wconf 86' lang='grc' dir='ltr'><strong><em>περι-</em></strong></span> 
     </span>
     <span class='ocr_line' id='line_1_5' title="bbox 114 634 1133 731; baseline -0.003 -22"><span class='ocrx_word' id='word_1_28' title='bbox 114 643 270 721; x_wconf 78' lang='grc' dir='ltr'><strong><em>τιθέντας</em></strong></span> <span class='ocrx_word' id='word_1_29' title='bbox 306 638 506 731; x_wconf 82' lang='grc' dir='ltr'><strong><em>ἀνθρῶπινα</em></strong></span> <span class='ocrx_word' id='word_1_30' title='bbox 542 640 598 707; x_wconf 80' lang='grc' dir='ltr'><strong><em>καὶ</em></strong></span> <span class='ocrx_word' id='word_1_31' title='bbox 634 636 767 728; x_wconf 88' lang='grc' dir='ltr'><strong><em>μορφάς</em></strong></span> <span class='ocrx_word' id='word_1_32' title='bbox 807 638 979 726; x_wconf 77' lang='grc' dir='ltr'><strong><em>τοιαύτας,</em></strong></span> <span class='ocrx_word' id='word_1_33' title='bbox 1016 634 1133 728; x_wconf 79' lang='grc' dir='ltr'><strong><em>ἀφανῆ</em></strong></span> 
     </span>
     <span class='ocr_line' id='line_1_6' title="bbox 114 741 1159 836; baseline -0.003 -20"><span class='ocrx_word' id='word_1_34' title='bbox 114 747 177 836; x_wconf 72' lang='grc' dir='ltr'><strong><em>μέν</em></strong></span> <span class='ocrx_word' id='word_1_35' title='bbox 204 746 361 835; x_wconf 81' lang='grc' dir='ltr'><strong><em>αἰσθήσει</em></strong></span> <span class='ocrx_word' id='word_1_36' title='bbox 388 748 445 817; x_wconf 80' lang='grc' dir='ltr'><strong><em>καὶ</em></strong></span> <span class='ocrx_word' id='word_1_37' title='bbox 472 743 653 833; x_wconf 80' lang='grc' dir='ltr'><strong><em>ἀνέφικτον</em></strong></span> <span class='ocrx_word' id='word_1_38' title='bbox 686 746 896 833; x_wconf 81' lang='grc' dir='ltr'><strong><em>κεκτημένων</em></strong></span> <span class='ocrx_word' id='word_1_39' title='bbox 923 741 1038 814; x_wconf 80' lang='grc' dir='ltr'><strong><em>αὐτῶν</em></strong></span> <span class='ocrx_word' id='word_1_40' title='bbox 1065 745 1159 835; x_wconf 72' lang='grc' dir='ltr'><strong><em>φόσ</em></strong></span> 
     </span>
     <span class='ocr_line' id='line_1_7' title="bbox 116 850 1133 946; baseline 0 -25"><span class='ocrx_word' id='word_1_41' title='bbox 116 875 182 941; x_wconf 88' lang='grc' dir='ltr'><strong><em>σιν,</em></strong></span> <span class='ocrx_word' id='word_1_42' title='bbox 209 856 258 946; x_wconf 76' lang='grc' dir='ltr'><strong><em>νῷ</em></strong></span> <span class='ocrx_word' id='word_1_43' title='bbox 278 853 315 922; x_wconf 72' lang='grc' dir='ltr'><strong><em>δέ</em></strong></span> <span class='ocrx_word' id='word_1_44' title='bbox 333 851 467 944; x_wconf 81' lang='grc' dir='ltr'><strong><em>ἀκριβεῖ</em></strong></span> <span class='ocrx_word' id='word_1_45' title='bbox 487 850 544 921; x_wconf 83' lang='grc' dir='ltr'><strong><em>διὰ</em></strong></span> <span class='ocrx_word' id='word_1_46' title='bbox 562 853 757 939; x_wconf 79' lang='grc' dir='ltr'><strong><em>ξυγγένειαν</em></strong></span> <span class='ocrx_word' id='word_1_47' title='bbox 783 850 879 938; x_wconf 80' lang='grc' dir='ltr'><strong><em>μόλις</em></strong></span> <span class='ocrx_word' id='word_1_48' title='bbox 906 857 1133 940; x_wconf 87' lang='grc' dir='ltr'><strong><em>προσπίπτον-</em></strong></span> 
     </span>
     <span class='ocr_line' id='line_1_8' title="bbox 116 957 1133 1048; baseline -0.002 -20"><span class='ocrx_word' id='word_1_49' title='bbox 116 981 194 1028; x_wconf 89' lang='grc' dir='ltr'><strong><em>σαν·</em></strong></span> <span class='ocrx_word' id='word_1_50' title='bbox 232 957 305 1029; x_wconf 75' lang='grc' dir='ltr'><strong><em>οὔτι</em></strong></span> <span class='ocrx_word' id='word_1_51' title='bbox 343 988 380 1048; x_wconf 87' lang='grc' dir='ltr'><strong><em>γε</em></strong></span> <span class='ocrx_word' id='word_1_52' title='bbox 416 961 471 1029; x_wconf 77' lang='grc' dir='ltr'><strong><em>καὶ</em></strong></span> <span class='ocrx_word' id='word_1_53' title='bbox 508 960 562 1028; x_wconf 80' lang='grc' dir='ltr'><strong><em>έπλ</em></strong></span> <span class='ocrx_word' id='word_1_54' title='bbox 597 961 667 1027; x_wconf 87' lang='grc' dir='ltr'><strong><em>τῶν</em></strong></span> <span class='ocrx_word' id='word_1_55' title='bbox 707 960 868 1046; x_wconf 78' lang='grc' dir='ltr'><strong><em>ἐμφανῶν</em></strong></span> <span class='ocrx_word' id='word_1_56' title='bbox 903 960 997 1027; x_wconf 88' lang='grc' dir='ltr'><strong><em>θεῶν</em></strong></span> <span class='ocrx_word' id='word_1_57' title='bbox 1032 960 1133 1027; x_wconf 83' lang='grc' dir='ltr'><strong><em>τοῦτο</em></strong></span> 
     </span>
     <span class='ocr_line' id='line_1_9' title="bbox 116 1060 1135 1153; baseline -0.002 -19"><span class='ocrx_word' id='word_1_58' title='bbox 116 1078 242 1136; x_wconf 81' lang='grc' dir='ltr'><strong><em>παθεῖν</em></strong></span> <span class='ocrx_word' id='word_1_59' title='bbox 270 1064 412 1152; x_wconf 79' lang='grc' dir='ltr'><strong><em>εὔλογον</em></strong></span> <span class='ocrx_word' id='word_1_60' title='bbox 444 1068 608 1151; x_wconf 82' lang='grc' dir='ltr'><strong><em>ἐκείνους,</em></strong></span> <span class='ocrx_word' id='word_1_61' title='bbox 637 1060 752 1133; x_wconf 87' lang='grc' dir='ltr'><strong><em>Ἡλίου</em></strong></span> <span class='ocrx_word' id='word_1_62' title='bbox 785 1063 847 1152; x_wconf 71' lang='grc' dir='ltr'><strong><em>μέν</em></strong></span> <span class='ocrx_word' id='word_1_63' title='bbox 875 1066 1135 1153; x_wconf 77' lang='grc' dir='ltr'><strong><em>έπιφημίζοντας</em></strong></span> 
     </span>
     <span class='ocr_line' id='line_1_10' title="bbox 116 1167 1133 1261; baseline -0.002 -21"><span class='ocrx_word' id='word_1_64' title='bbox 116 1172 246 1261; x_wconf 76' lang='grc' dir='ltr'><strong><em>Αἰήτην</em></strong></span> <span class='ocrx_word' id='word_1_65' title='bbox 273 1173 364 1258; x_wconf 79' lang='grc' dir='ltr'><strong><em>υἱέα,</em></strong></span> <span class='ocrx_word' id='word_1_66' title='bbox 392 1168 590 1259; x_wconf 85' lang='grc' dir='ltr'><strong><em>Ἑωσφόρου</em></strong></span> <span class='ocrx_word' id='word_1_67' title='bbox 619 1169 656 1239; x_wconf 69' lang='grc' dir='ltr'><strong><em>δὲ</em></strong></span> <span class='ocrx_word' id='word_1_68' title='bbox 684 1172 813 1260; x_wconf 78' lang='grc' dir='ltr'><strong><em>ἕτερον,</em></strong></span> <span class='ocrx_word' id='word_1_69' title='bbox 840 1172 896 1240; x_wconf 81' lang='grc' dir='ltr'><strong><em>καὶ</em></strong></span> <span class='ocrx_word' id='word_1_70' title='bbox 925 1167 1047 1251; x_wconf 87' lang='grc' dir='ltr'><strong><em>ἀλλους</em></strong></span> <span class='ocrx_word' id='word_1_71' title='bbox 1076 1168 1133 1238; x_wconf 84' lang='grc' dir='ltr'><strong><em>ἀλ-</em></strong></span> 
     </span>
     <span class='ocr_line' id='line_1_11' title="bbox 59 1273 1173 1367; baseline -0.001 -20"><span class='ocrx_word' id='word_1_72' title='bbox 59 1297 97 1348; x_wconf 84' lang='lat'><strong><em>83</em></strong></span> <span class='ocrx_word' id='word_1_73' title='bbox 117 1287 194 1347; x_wconf 89' lang='grc' dir='ltr'><strong><em>λων.</em></strong></span> <span class='ocrx_word' id='word_1_74' title='bbox 239 1275 320 1367; x_wconf 81' lang='grc' dir='ltr'><strong><em>ὅπερ</em></strong></span> <span class='ocrx_word' id='word_1_75' title='bbox 354 1277 391 1346; x_wconf 75' lang='grc' dir='ltr'><strong><em>δὲ</em></strong></span> <span class='ocrx_word' id='word_1_76' title='bbox 423 1284 526 1365; x_wconf 83' lang='grc' dir='ltr'><strong><em>ἔφην,</em></strong></span> <span class='ocrx_word' id='word_1_77' title='bbox 557 1275 620 1366; x_wconf 84' lang='grc' dir='ltr'><strong><em>χρή</em></strong></span> <span class='ocrx_word' id='word_1_78' title='bbox 652 1278 727 1365; x_wconf 83' lang='grc' dir='ltr'><strong><em>περὶ</em></strong></span> <span class='ocrx_word' id='word_1_79' title='bbox 764 1273 878 1345; x_wconf 78' lang='grc' dir='ltr'><strong><em>αὐτῶν</em></strong></span> <span class='ocrx_word' id='word_1_80' title='bbox 908 1278 1136 1364; x_wconf 85' lang='grc' dir='ltr'><strong><em>πειθομένους</em></strong></span> <span class='ocrx_word' id='word_1_81' title='bbox 1148 1296 1173 1339; x_wconf 73' lang='lat'><strong><em>1⁰</em></strong></span> 
     </span>
     <span class='ocr_line' id='line_1_12' title="bbox 116 1379 1134 1473; baseline 0 -21"><span class='ocrx_word' id='word_1_82' title='bbox 116 1380 201 1471; x_wconf 86' lang='grc' dir='ltr'><strong><em>ήμάς</em></strong></span> <span class='ocrx_word' id='word_1_83' title='bbox 228 1383 354 1473; x_wconf 82' lang='grc' dir='ltr'><strong><em>ταύτην</em></strong></span> <span class='ocrx_word' id='word_1_84' title='bbox 381 1394 552 1452; x_wconf 81' lang='grc' dir='ltr'><strong><em>ποιεῖσθαι</em></strong></span> <span class='ocrx_word' id='word_1_85' title='bbox 579 1381 640 1471; x_wconf 89' lang='grc' dir='ltr'><strong><em>τήν</em></strong></span> <span class='ocrx_word' id='word_1_86' title='bbox 672 1379 756 1473; x_wconf 76' lang='grc' dir='ltr'><strong><em>ὑπέρ</em></strong></span> <span class='ocrx_word' id='word_1_87' title='bbox 783 1386 842 1471; x_wconf 88' lang='grc' dir='ltr'><strong><em>τής</em></strong></span> <span class='ocrx_word' id='word_1_88' title='bbox 869 1379 1041 1471; x_wconf 79' lang='grc' dir='ltr'><strong><em>εὐγενείας</em></strong></span> <span class='ocrx_word' id='word_1_89' title='bbox 1068 1383 1134 1465; x_wconf 78' lang='grc' dir='ltr'><strong><em>ἐξέ-</em></strong></span> 
     </span>
     <span class='ocr_line' id='line_1_13' title="bbox 117 1481 1135 1582; baseline 0.001 -25"><span class='ocrx_word' id='word_1_90' title='bbox 117 1510 226 1558; x_wconf 89' lang='grc' dir='ltr'><strong><em>τασιν·</em></strong></span> <span class='ocrx_word' id='word_1_91' title='bbox 263 1491 320 1559; x_wconf 80' lang='grc' dir='ltr'><strong><em>καὶ</em></strong></span> <span class='ocrx_word' id='word_1_92' title='bbox 353 1488 418 1582; x_wconf 76' lang='grc' dir='ltr'><strong><em>ὅτῳ</em></strong></span> <span class='ocrx_word' id='word_1_93' title='bbox 452 1490 513 1578; x_wconf 74' lang='grc' dir='ltr'><strong><em>μέν</em></strong></span> <span class='ocrx_word' id='word_1_94' title='bbox 546 1485 588 1558; x_wconf 81' lang='grc' dir='ltr'><strong><em>ἀν</em></strong></span> <span class='ocrx_word' id='word_1_95' title='bbox 626 1481 709 1559; x_wconf 87' lang='grc' dir='ltr'><strong><em>ῶσιν</em></strong></span> <span class='ocrx_word' id='word_1_96' title='bbox 745 1486 871 1576; x_wconf 82' lang='grc' dir='ltr'><strong><em>ἀγαθοὶ</em></strong></span> <span class='ocrx_word' id='word_1_97' title='bbox 907 1491 1045 1578; x_wconf 80' lang='grc' dir='ltr'><strong><em>πατέρες</em></strong></span> <span class='ocrx_word' id='word_1_98' title='bbox 1077 1490 1135 1558; x_wconf 83' lang='grc' dir='ltr'><strong><em>καλ</em></strong></span> 
     </span>
     <span class='ocr_line' id='line_1_14' title="bbox 118 1593 1134 1686; baseline 0 -22"><span class='ocrx_word' id='word_1_99' title='bbox 118 1593 219 1678; x_wconf 80' lang='grc' dir='ltr'><strong><em>αὐτὸς</em></strong></span> <span class='ocrx_word' id='word_1_100' title='bbox 251 1599 390 1679; x_wconf 81' lang='grc' dir='ltr'><strong><em>ἐκείνοις</em></strong></span> <span class='ocrx_word' id='word_1_101' title='bbox 417 1595 576 1686; x_wconf 79' lang='grc' dir='ltr'><strong><em>ἐμφερής,</em></strong></span> <span class='ocrx_word' id='word_1_102' title='bbox 608 1598 730 1666; x_wconf 82' lang='grc' dir='ltr'><strong><em>τοῦτον</em></strong></span> <span class='ocrx_word' id='word_1_103' title='bbox 758 1593 933 1685; x_wconf 80' lang='grc' dir='ltr'><strong><em>ὀνομάζειν</em></strong></span> <span class='ocrx_word' id='word_1_104' title='bbox 960 1594 1134 1685; x_wconf 80' lang='grc' dir='ltr'><strong><em>θαρρούν-</em></strong></span> 
     </span>
     <span class='ocr_line' id='line_1_15' title="bbox 116 1697 1136 1795; baseline 0.001 -25"><span class='ocrx_word' id='word_1_105' title='bbox 116 1730 180 1783; x_wconf 86' lang='grc' dir='ltr'><strong><em>τως</em></strong></span> <span class='ocrx_word' id='word_1_106' title='bbox 212 1700 344 1790; x_wconf 84' lang='grc' dir='ltr'><strong><em>εόγενή·</em></strong></span> <span class='ocrx_word' id='word_1_107' title='bbox 377 1701 442 1795; x_wconf 83' lang='grc' dir='ltr'><strong><em>ὅτφ</em></strong></span> <span class='ocrx_word' id='word_1_108' title='bbox 476 1702 513 1772; x_wconf 75' lang='grc' dir='ltr'><strong><em>δέ</em></strong></span> <span class='ocrx_word' id='word_1_109' title='bbox 539 1701 581 1770; x_wconf 87' lang='grc' dir='ltr'><strong><em>τά</em></strong></span> <span class='ocrx_word' id='word_1_110' title='bbox 612 1701 673 1789; x_wconf 76' lang='grc' dir='ltr'><strong><em>μὲν</em></strong></span> <span class='ocrx_word' id='word_1_111' title='bbox 700 1705 769 1770; x_wconf 89' lang='grc' dir='ltr'><strong><em>τῶν</em></strong></span> <span class='ocrx_word' id='word_1_112' title='bbox 799 1703 953 1792; x_wconf 79' lang='grc' dir='ltr'><strong><em>πατέρων</em></strong></span> <span class='ocrx_word' id='word_1_113' title='bbox 984 1697 1136 1792; x_wconf 76' lang='grc' dir='ltr'><strong><em>ὑπῆρξεν</em></strong></span> 
     </span>
     <span class='ocr_line' id='line_1_16' title="bbox 117 1805 1173 1898; baseline -0.005 -22"><span class='ocrx_word' id='word_1_114' title='bbox 117 1805 235 1897; x_wconf 86' lang='grc' dir='ltr'><strong><em>ἀρετής</em></strong></span> <span class='ocrx_word' id='word_1_115' title='bbox 262 1812 370 1895; x_wconf 83' lang='grc' dir='ltr'><strong><em>ένδεά,</em></strong></span> <span class='ocrx_word' id='word_1_116' title='bbox 398 1805 500 1890; x_wconf 83' lang='grc' dir='ltr'><strong><em>αὐτὸς</em></strong></span> <span class='ocrx_word' id='word_1_117' title='bbox 528 1808 565 1877; x_wconf 73' lang='grc' dir='ltr'><strong><em>δέ</em></strong></span> <span class='ocrx_word' id='word_1_118' title='bbox 591 1807 793 1897; x_wconf 86' lang='grc' dir='ltr'><strong><em>μετεποιήθη</em></strong></span> <span class='ocrx_word' id='word_1_119' title='bbox 816 1808 940 1878; x_wconf 83' lang='grc' dir='ltr'><strong><em>τούτου</em></strong></span> <span class='ocrx_word' id='word_1_120' title='bbox 966 1811 1029 1878; x_wconf 83' lang='grc' dir='ltr'><strong><em>τοῦ</em></strong></span> <span class='ocrx_word' id='word_1_121' title='bbox 1055 1809 1133 1898; x_wconf 87' lang='grc' dir='ltr'><strong><em>κτή-</em></strong></span> <span class='ocrx_word' id='word_1_122' title='bbox 1148 1828 1173 1871; x_wconf 82' lang='grc' dir='ltr'><strong><em>ιε</em></strong></span> 
     </span>
     <span class='ocr_line' id='line_1_17' title="bbox 117 1912 1135 2004; baseline 0.002 -22"><span class='ocrx_word' id='word_1_123' title='bbox 117 1942 233 2002; x_wconf 89' lang='grc' dir='ltr'><strong><em>ματος,</em></strong></span> <span class='ocrx_word' id='word_1_124' title='bbox 270 1914 392 1985; x_wconf 84' lang='grc' dir='ltr'><strong><em>τούτου</em></strong></span> <span class='ocrx_word' id='word_1_125' title='bbox 429 1915 467 1984; x_wconf 74' lang='grc' dir='ltr'><strong><em>δέ</em></strong></span> <span class='ocrx_word' id='word_1_126' title='bbox 503 1916 681 2004; x_wconf 79' lang='grc' dir='ltr'><strong><em>νομιστέον</em></strong></span> <span class='ocrx_word' id='word_1_127' title='bbox 717 1916 842 2004; x_wconf 88' lang='grc' dir='ltr'><strong><em>πατέρα</em></strong></span> <span class='ocrx_word' id='word_1_128' title='bbox 878 1913 938 1984; x_wconf 86' lang='grc' dir='ltr'><strong><em>τὸν</em></strong></span> <span class='ocrx_word' id='word_1_129' title='bbox 970 1920 1041 1983; x_wconf 87' lang='grc' dir='ltr'><strong><em>Δία</em></strong></span> <span class='ocrx_word' id='word_1_130' title='bbox 1077 1912 1135 1984; x_wconf 81' lang='grc' dir='ltr'><strong><em>καλ</em></strong></span> 
     </span>
     <span class='ocr_line' id='line_1_18' title="bbox 118 2018 1135 2112; baseline -0.001 -21"><span class='ocrx_word' id='word_1_131' title='bbox 118 2021 328 2111; x_wconf 87' lang='grc' dir='ltr'><strong><em>φυτουργόν,</em></strong></span> <span class='ocrx_word' id='word_1_132' title='bbox 360 2023 416 2091; x_wconf 83' lang='grc' dir='ltr'><strong><em>καὶ</em></strong></span> <span class='ocrx_word' id='word_1_133' title='bbox 450 2019 551 2092; x_wconf 77' lang='grc' dir='ltr'><strong><em>οὐδέν</em></strong></span> <span class='ocrx_word' id='word_1_134' title='bbox 582 2036 678 2110; x_wconf 82' lang='grc' dir='ltr'><strong><em>μεῖον</em></strong></span> <span class='ocrx_word' id='word_1_135' title='bbox 710 2018 801 2112; x_wconf 81' lang='grc' dir='ltr'><strong><em>αὐτῷ</em></strong></span> <span class='ocrx_word' id='word_1_136' title='bbox 834 2023 952 2091; x_wconf 84' lang='grc' dir='ltr'><strong><em>δοτέον</em></strong></span> <span class='ocrx_word' id='word_1_137' title='bbox 984 2022 1135 2109; x_wconf 77' lang='grc' dir='ltr'><strong><em>ἐκείνων,</em></strong></span> 
     </span>
     <span class='ocr_line' id='line_1_19' title="bbox 118 2125 1135 2218; baseline 0.002 -23"><span class='ocrx_word' id='word_1_138' title='bbox 118 2134 154 2196; x_wconf 80' lang='grc' dir='ltr'><strong><em>οἳ</em></strong></span> <span class='ocrx_word' id='word_1_139' title='bbox 186 2129 358 2215; x_wconf 77' lang='grc' dir='ltr'><strong><em>γεγονότες</em></strong></span> <span class='ocrx_word' id='word_1_140' title='bbox 394 2131 547 2218; x_wconf 78' lang='grc' dir='ltr'><strong><em>πατέρων</em></strong></span> <span class='ocrx_word' id='word_1_141' title='bbox 583 2125 724 2216; x_wconf 89' lang='grc' dir='ltr'><strong><em>ἀγαθῶν</em></strong></span> <span class='ocrx_word' id='word_1_142' title='bbox 765 2125 845 2209; x_wconf 80' lang='grc' dir='ltr'><strong><em>τοὺς</em></strong></span> <span class='ocrx_word' id='word_1_143' title='bbox 883 2129 981 2215; x_wconf 89' lang='grc' dir='ltr'><strong><em>σφῶν</em></strong></span> <span class='ocrx_word' id='word_1_144' title='bbox 1016 2128 1135 2209; x_wconf 78' lang='grc' dir='ltr'><strong><em>τοκέας</em></strong></span> 
     </span>
     <span class='ocr_line' id='line_1_20' title="bbox 77 2232 1134 2323; baseline 0.005 -24"><span class='ocrx_word' id='word_1_145' title='bbox 77 2233 299 2322; x_wconf 82' lang='grc' dir='ltr'><strong><em>Βέζήλωσαν·</em></strong></span> <span class='ocrx_word' id='word_1_146' title='bbox 340 2233 431 2316; x_wconf 86' lang='grc' dir='ltr'><strong><em>ὅστις</em></strong></span> <span class='ocrx_word' id='word_1_147' title='bbox 467 2234 504 2304; x_wconf 72' lang='grc' dir='ltr'><strong><em>δέ</em></strong></span> <span class='ocrx_word' id='word_1_148' title='bbox 541 2237 574 2316; x_wconf 82' lang='grc' dir='ltr'><strong><em>ἐξ</em></strong></span> <span class='ocrx_word' id='word_1_149' title='bbox 611 2232 753 2321; x_wconf 89' lang='grc' dir='ltr'><strong><em>ἀγαθῶν</em></strong></span> <span class='ocrx_word' id='word_1_150' title='bbox 792 2236 910 2321; x_wconf 90' lang='grc' dir='ltr'><strong><em>γέγονε</em></strong></span> <span class='ocrx_word' id='word_1_151' title='bbox 950 2233 1134 2323; x_wconf 86' lang='grc' dir='ltr'><strong><em>μοχθηρός,</em></strong></span> 
     </span>
     <span class='ocr_line' id='line_1_21' title="bbox 117 2337 1173 2430; baseline 0.002 -23"><span class='ocrx_word' id='word_1_152' title='bbox 117 2343 240 2410; x_wconf 81' lang='grc' dir='ltr'><strong><em>τοῦτον</em></strong></span> <span class='ocrx_word' id='word_1_153' title='bbox 275 2357 346 2422; x_wconf 81' lang='grc' dir='ltr'><strong><em>τοῖς</em></strong></span> <span class='ocrx_word' id='word_1_154' title='bbox 382 2341 500 2423; x_wconf 86' lang='grc' dir='ltr'><strong><em>νόθοις</em></strong></span> <span class='ocrx_word' id='word_1_155' title='bbox 536 2341 718 2430; x_wconf 77' lang='grc' dir='ltr'><strong><em>ἐγγράφειν</em></strong></span> <span class='ocrx_word' id='word_1_156' title='bbox 754 2338 861 2421; x_wconf 85' lang='grc' dir='ltr'><strong><em>ἀξιον·</em></strong></span> <span class='ocrx_word' id='word_1_157' title='bbox 902 2337 982 2421; x_wconf 82' lang='grc' dir='ltr'><strong><em>τοὺς</em></strong></span> <span class='ocrx_word' id='word_1_158' title='bbox 1017 2338 1056 2408; x_wconf 75' lang='grc' dir='ltr'><strong><em>δέ</em></strong></span> <span class='ocrx_word' id='word_1_159' title='bbox 1098 2342 1173 2409; x_wconf 66' lang='lat' dir='ltr'><em>m</em></span> 
     </span>
     <span class='ocr_line' id='line_1_22' title="bbox 117 2441 1134 2538; baseline 0 -23"><span class='ocrx_word' id='word_1_160' title='bbox 117 2450 300 2538; x_wconf 80' lang='grc' dir='ltr'><strong><em>μοχθηρῶν</em></strong></span> <span class='ocrx_word' id='word_1_161' title='bbox 328 2451 457 2535; x_wconf 78' lang='grc' dir='ltr'><strong><em>φῶντας</em></strong></span> <span class='ocrx_word' id='word_1_162' title='bbox 475 2447 531 2515; x_wconf 81' lang='grc' dir='ltr'><strong><em>καὶ</em></strong></span> <span class='ocrx_word' id='word_1_163' title='bbox 549 2452 776 2536; x_wconf 88' lang='grc' dir='ltr'><strong><em>προσομοίους</em></strong></span> <span class='ocrx_word' id='word_1_164' title='bbox 792 2460 862 2528; x_wconf 81' lang='grc' dir='ltr'><strong><em>τοῖς</em></strong></span> <span class='ocrx_word' id='word_1_165' title='bbox 881 2441 994 2514; x_wconf 77' lang='grc' dir='ltr'><strong><em>αὑτῶν</em></strong></span> <span class='ocrx_word' id='word_1_166' title='bbox 1015 2448 1134 2516; x_wconf 79' lang='grc' dir='ltr'><strong><em>τοκεῦ-</em></strong></span> 
     </span>
     <span class='ocr_line' id='line_1_23' title="bbox 118 2549 1134 2640; baseline 0.001 -20"><span class='ocrx_word' id='word_1_167' title='bbox 118 2572 174 2620; x_wconf 92' lang='grc' dir='ltr'><strong><em>σιν</em></strong></span> <span class='ocrx_word' id='word_1_168' title='bbox 202 2551 323 2622; x_wconf 81' lang='grc' dir='ltr'><strong><em>οόποτε</em></strong></span> <span class='ocrx_word' id='word_1_169' title='bbox 355 2550 502 2639; x_wconf 81' lang='grc' dir='ltr'><strong><em>εὐγενεῖς</em></strong></span> <span class='ocrx_word' id='word_1_170' title='bbox 534 2555 673 2640; x_wconf 87' lang='grc' dir='ltr'><strong><em>φατέον,</em></strong></span> <span class='ocrx_word' id='word_1_171' title='bbox 707 2549 787 2621; x_wconf 80' lang='grc' dir='ltr'><strong><em>οὐδέ</em></strong></span> <span class='ocrx_word' id='word_1_172' title='bbox 815 2558 846 2621; x_wconf 82' lang='grc' dir='ltr'><strong><em>εί</em></strong></span> <span class='ocrx_word' id='word_1_173' title='bbox 870 2561 1050 2621; x_wconf 78' lang='grc' dir='ltr'><strong><em>πλουτοῖεν</em></strong></span> <span class='ocrx_word' id='word_1_174' title='bbox 1075 2578 1134 2621; x_wconf 90' lang='grc' dir='ltr'><strong><em>τα-</em></strong></span> 
     </span>
     <span class='ocr_line' id='line_1_24' title="bbox 118 2655 1135 2749; baseline 0.002 -23"><span class='ocrx_word' id='word_1_175' title='bbox 118 2658 251 2739; x_wconf 90' lang='grc' dir='ltr'><strong><em>λάντοις</em></strong></span> <span class='ocrx_word' id='word_1_176' title='bbox 291 2665 436 2748; x_wconf 88' lang='grc' dir='ltr'><strong><em>μυρίοις,</em></strong></span> <span class='ocrx_word' id='word_1_177' title='bbox 473 2655 553 2728; x_wconf 72' lang='grc' dir='ltr'><strong><em>οὐδὲ</em></strong></span> <span class='ocrx_word' id='word_1_178' title='bbox 589 2665 621 2728; x_wconf 86' lang='grc' dir='ltr'><strong><em>εί</em></strong></span> <span class='ocrx_word' id='word_1_179' title='bbox 655 2656 902 2749; x_wconf 80' lang='grc' dir='ltr'><strong><em>ἀπαρνθμοῖντο</em></strong></span> <span class='ocrx_word' id='word_1_180' title='bbox 942 2658 1135 2748; x_wconf 90' lang='grc' dir='ltr'><strong><em>προγόνους</em></strong></span> 
     </span>
     <span class='ocr_line' id='line_1_25' title="bbox 119 2760 1136 2855; baseline 0 -22"><span class='ocrx_word' id='word_1_181' title='bbox 119 2763 286 2847; x_wconf 88' lang='grc' dir='ltr'><strong><em>δυναστάς</em></strong></span> <span class='ocrx_word' id='word_1_182' title='bbox 312 2760 333 2853; x_wconf 87' lang='grc' dir='ltr'><strong><em>ή</em></strong></span> <span class='ocrx_word' id='word_1_183' title='bbox 361 2766 417 2833; x_wconf 78' lang='grc' dir='ltr'><strong><em>ναὶ</em></strong></span> <span class='ocrx_word' id='word_1_184' title='bbox 445 2763 491 2853; x_wconf 86' lang='grc' dir='ltr'><strong><em>μά</em></strong></span> <span class='ocrx_word' id='word_1_185' title='bbox 509 2773 578 2834; x_wconf 87' lang='grc' dir='ltr'><strong><em>Δία</em></strong></span> <span class='ocrx_word' id='word_1_186' title='bbox 605 2765 796 2855; x_wconf 89' lang='grc' dir='ltr'><strong><em>τυράννους</em></strong></span> <span class='ocrx_word' id='word_1_187' title='bbox 823 2774 966 2852; x_wconf 86' lang='grc' dir='ltr'><strong><em>είκοσιν,</em></strong></span> <span class='ocrx_word' id='word_1_188' title='bbox 994 2762 1076 2835; x_wconf 68' lang='grc' dir='ltr'><strong><em>οὐδὲ</em></strong></span> <span class='ocrx_word' id='word_1_189' title='bbox 1105 2769 1136 2835; x_wconf 86' lang='grc' dir='ltr'><strong><em>εί</em></strong></span> 
     </span>
     <span class='ocr_line' id='line_1_26' title="bbox 118 2867 1168 2961; baseline -0.003 -23"><span class='ocrx_word' id='word_1_190' title='bbox 118 2878 213 2953; x_wconf 86' lang='grc' dir='ltr'><strong><em>νίκας</em></strong></span> <span class='ocrx_word' id='word_1_191' title='bbox 228 2868 452 2960; x_wconf 88' lang='grc' dir='ltr'><strong><em>Ὀλυμπιακάς</em></strong></span> <span class='ocrx_word' id='word_1_192' title='bbox 478 2867 499 2961; x_wconf 86' lang='grc' dir='ltr'><strong><em>ή</em></strong></span> <span class='ocrx_word' id='word_1_193' title='bbox 518 2870 675 2952; x_wconf 87' lang='grc' dir='ltr'><strong><em>Πυθικάς</em></strong></span> <span class='ocrx_word' id='word_1_194' title='bbox 702 2867 722 2959; x_wconf 86' lang='grc' dir='ltr'><strong><em>ή</em></strong></span> <span class='ocrx_word' id='word_1_195' title='bbox 741 2874 809 2940; x_wconf 87' lang='grc' dir='ltr'><strong><em>τῶν</em></strong></span> <span class='ocrx_word' id='word_1_196' title='bbox 836 2874 1025 2959; x_wconf 78' lang='grc' dir='ltr'><strong><em>πολεμικῶν</em></strong></span> <span class='ocrx_word' id='word_1_197' title='bbox 1044 2869 1168 2958; x_wconf 76' lang='grc' dir='ltr'><strong><em>ἀγοί-κ</em></strong></span> 
     </span>
     <span class='ocr_line' id='line_1_27' title="bbox 75 2975 1134 3068; baseline 0.003 -23"><span class='ocrx_word' id='word_1_198' title='bbox 75 2989 199 3064; x_wconf 76' lang='grc' dir='ltr'><strong><em>θνων,</em></strong></span> <span class='ocrx_word' id='word_1_199' title='bbox 227 2984 265 3046; x_wconf 84' lang='grc' dir='ltr'><strong><em>αἳ</em></strong></span> <span class='ocrx_word' id='word_1_200' title='bbox 289 2975 332 3066; x_wconf 86' lang='grc' dir='ltr'><strong><em>δή</em></strong></span> <span class='ocrx_word' id='word_1_201' title='bbox 359 2980 405 3068; x_wconf 76' lang='grc' dir='ltr'><strong><em>τῷ</em></strong></span> <span class='ocrx_word' id='word_1_202' title='bbox 432 2980 531 3048; x_wconf 78' lang='grc' dir='ltr'><strong><em>παντὶ</em></strong></span> <span class='ocrx_word' id='word_1_203' title='bbox 557 2976 690 3049; x_wconf 87' lang='grc' dir='ltr'><strong><em>’κείνων</em></strong></span> <span class='ocrx_word' id='word_1_204' title='bbox 718 2979 783 3046; x_wconf 81' lang='grc' dir='ltr'><strong><em>είσλ</em></strong></span> <span class='ocrx_word' id='word_1_205' title='bbox 810 2976 1046 3068; x_wconf 84' lang='grc' dir='ltr'><strong><em>λαμπρότεραι,</em></strong></span> <span class='ocrx_word' id='word_1_206' title='bbox 1073 2975 1134 3048; x_wconf 90' lang='grc' dir='ltr'><strong><em>ἀν-</em></strong></span> 
     </span>
     <span class='ocr_line' id='line_1_28' title="bbox 118 3078 1133 3175; baseline 0.002 -23"><span class='ocrx_word' id='word_1_207' title='bbox 118 3086 297 3171; x_wconf 87' lang='grc' dir='ltr'><strong><em>ελομένους</em></strong></span> <span class='ocrx_word' id='word_1_208' title='bbox 333 3090 442 3173; x_wconf 82' lang='grc' dir='ltr'><strong><em>ἔχοιεν</em></strong></span> <span class='ocrx_word' id='word_1_209' title='bbox 480 3090 679 3154; x_wconf 90' lang='grc' dir='ltr'><strong><em>δείκνυσθαι</em></strong></span> <span class='ocrx_word' id='word_1_210' title='bbox 716 3091 852 3166; x_wconf 91' lang='grc' dir='ltr'><strong><em>πλείους</em></strong></span> <span class='ocrx_word' id='word_1_211' title='bbox 888 3081 909 3173; x_wconf 88' lang='grc' dir='ltr'><strong><em>ή</em></strong></span> <span class='ocrx_word' id='word_1_212' title='bbox 941 3092 1075 3175; x_wconf 80' lang='grc' dir='ltr'><strong><em>Καῖσαρ</em></strong></span> <span class='ocrx_word' id='word_1_213' title='bbox 1114 3078 1133 3154; x_wconf 85' lang='grc' dir='ltr'><strong><em>δ</em></strong></span> 
     </span>
    </p>
   </div>
   <div class='ocr_carea' id='block_1_3' title="bbox 117 3292 1135 3639">
    <p class='ocr_par' dir='ltr' id='par_1_3' title="bbox 117 3292 1135 3639">
     <span class='ocr_line' id='line_1_29' title="bbox 164 3292 1134 3387; baseline 0.001 -35"><span class='ocrx_word' id='word_1_214' title='bbox 164 3304 201 3381; x_wconf 47' lang='lat'><strong><em>&#39;2</em></strong></span> <span class='ocrx_word' id='word_1_215' title='bbox 226 3293 263 3367; x_wconf 83' lang='grc' dir='ltr'><strong><em>δή</em></strong></span> <span class='ocrx_word' id='word_1_216' title='bbox 282 3299 333 3355; x_wconf 75' lang='grc' dir='ltr'><strong><em>καὶ</em></strong></span> <span class='ocrx_word' id='word_1_217' title='bbox 352 3298 424 3386; x_wconf 87' lang='lat' dir='ltr'><strong><em>VMJ</em></strong></span> <span class='ocrx_word' id='word_1_218' title='bbox 450 3297 487 3367; x_wconf 85' lang='grc' dir='ltr'><strong><em>δὴ</em></strong></span> <span class='ocrx_word' id='word_1_219' title='bbox 559 3303 590 3352; x_wconf 81' lang='lat'><strong><em>15</em></strong></span> <span class='ocrx_word' id='word_1_220' title='bbox 613 3292 717 3380; x_wconf 74' lang='grc' dir='ltr'><strong><em>ηοότου</em></strong></span> <span class='ocrx_word' id='word_1_221' title='bbox 739 3300 791 3354; x_wconf 82' lang='grc' dir='ltr'><strong><em>τοῦ</em></strong></span> <span class='ocrx_word' id='word_1_222' title='bbox 812 3294 957 3387; x_wconf 68' lang='grc' dir='ltr'><strong><em>κτήματος</em></strong></span> <span class='ocrx_word' id='word_1_223' title='bbox 979 3299 1056 3368; x_wconf 78' lang='lat' dir='ltr'><strong><em>VM]</em></strong></span> <span class='ocrx_word' id='word_1_224' title='bbox 1074 3299 1134 3381; x_wconf 61' lang='lat'><strong><em>3⁰&amp;</em></strong></span> 
     </span>
     <span class='ocr_line' id='line_1_30' title="bbox 117 3363 1135 3504; baseline 0.007 -22"><span class='ocrx_word' id='word_1_225' title='bbox 117 3385 279 3503; x_wconf 46' lang='grc' dir='ltr'><strong><em>λτάήῗῖἓς</em></strong></span> <span class='ocrx_word' id='word_1_226' title='bbox 305 3363 477 3489; x_wconf 48' lang='grc' dir='ltr'><strong><em>ιλῖόιῗῗὲν</em></strong></span> <span class='ocrx_word' id='word_1_227' title='bbox 499 3364 776 3503; x_wconf 52' lang='grc' dir='ltr'><strong><em>νεόῙιῖἀῖἷιιαῖλ</em></strong></span> <span class='ocrx_word' id='word_1_228' title='bbox 794 3386 855 3488; x_wconf 55' lang='lat'><strong><em>‘3¹³</em></strong></span> <span class='ocrx_word' id='word_1_229' title='bbox 878 3382 1135 3504; x_wconf 60' lang='grc' dir='ltr'><strong><em>αέἶωῖιζῖέλῖἶὶἶ</em></strong></span> 
     </span>
     <span class='ocr_line' id='line_1_31' title="bbox 119 3495 1135 3572; baseline 0.001 -17"><span class='ocrx_word' id='word_1_230' title='bbox 119 3503 294 3564; x_wconf 85' lang='grc' dir='ltr'><strong><em>δυναστείας</em></strong></span> <span class='ocrx_word' id='word_1_231' title='bbox 311 3505 340 3554; x_wconf 91' lang='grc' dir='ltr'><strong>Μ</strong></span> <span class='ocrx_word' id='word_1_232' title='bbox 409 3509 442 3558; x_wconf 80' lang='lat'><strong><em>25</em></strong></span> <span class='ocrx_word' id='word_1_233' title='bbox 459 3497 656 3570; x_wconf 81' lang='grc' dir='ltr'><strong><em>Ὀλυμπιακὰς</em></strong></span> <span class='ocrx_word' id='word_1_234' title='bbox 673 3507 700 3557; x_wconf 86' lang='lat' dir='ltr'><strong><em>fl.</em></strong></span> <span class='ocrx_word' id='word_1_235' title='bbox 717 3503 758 3572; x_wconf 83' lang='lat' dir='ltr'><strong><em>M]</em></strong></span> <span class='ocrx_word' id='word_1_236' title='bbox 779 3495 955 3570; x_wconf 77' lang='grc' dir='ltr'><strong><em>Ὀλυμπικὰς</em></strong></span> <span class='ocrx_word' id='word_1_237' title='bbox 1022 3506 1056 3556; x_wconf 72' lang='lat'><strong><em>26</em></strong></span> <span class='ocrx_word' id='word_1_238' title='bbox 1073 3501 1135 3557; x_wconf 85' lang='grc' dir='ltr'><strong><em>κεί-</em></strong></span> 
     </span>
     <span class='ocr_line' id='line_1_32' title="bbox 117 3565 817 3639; baseline 0.004 -18"><span class='ocrx_word' id='word_1_239' title='bbox 117 3589 175 3622; x_wconf 91' lang='grc' dir='ltr'><strong><em>νων</em></strong></span> <span class='ocrx_word' id='word_1_240' title='bbox 193 3570 227 3638; x_wconf 90' lang='lat' dir='ltr'><strong><em>V]</em></strong></span> <span class='ocrx_word' id='word_1_241' title='bbox 248 3566 366 3626; x_wconf 77' lang='grc' dir='ltr'><strong><em>ἐκείνων</em></strong></span> <span class='ocrx_word' id='word_1_242' title='bbox 434 3576 467 3625; x_wconf 77' lang='lat'><strong><em>2⁷</em></strong></span> <span class='ocrx_word' id='word_1_243' title='bbox 485 3565 694 3625; x_wconf 70' lang='grc' dir='ltr'><strong><em>ἐνδείκνυσθαι</em></strong></span> <span class='ocrx_word' id='word_1_244' title='bbox 712 3567 774 3639; x_wconf 74' lang='grc' dir='ltr'><strong><em>ἔχοι</em></strong></span> <span class='ocrx_word' id='word_1_245' title='bbox 792 3573 817 3624; x_wconf 85' lang='lat' dir='ltr'><strong>V</strong></span> 
     </span>
    </p>
   </div>
   <div class='ocr_carea' id='block_1_4' title="bbox 0 0 1199 3908">
    <p class='ocr_par' dir='ltr' id='par_1_4' title="bbox 0 0 1199 3908">
     <span class='ocr_line' id='line_1_33' title="bbox 0 0 1199 3908; baseline 0 0"><span class='ocrx_word' id='word_1_246' title='bbox 0 0 1199 3908; x_wconf 95' lang='lat' dir='ltr'><strong><em> </em></strong></span> 
     </span>
    </p>
   </div>
  </div>
 </body>
</html>
