2392 3960
319 183 523 236 CONVIVIUM
545 182 764 250 (cfflsffls).
904 148 907 154 ’
984 184 1047 247 421

35 332 139 394 οκειν,
168 307 250 379 ἀλλά
268 317 510 398 μετοικίζεσθαι
527 315 717 398 νομίζοντες
736 312 946 401 ἑτοιμότερον
964 309 1046 382 αῦτδ

36 421 194 486 ποιοῦσιν
230 412 251 504 ἢ
288 415 346 497 τὰς
383 414 571 506 ἀποδημίας
607 413 847 505 ὑπομένουσιν.
896 419 1047 509 ἐπράχθη

36 525 76 590 δέ
100 551 158 612 μοι
185 520 222 590 τό
251 527 352 612 ἔργον
369 527 468 593 τοῦτο
496 527 533 592 ἐν
552 527 719 605 ἐνιαυτοῖς
746 532 827 606 ἴσως
852 549 919 594 που
943 522 1048 596 πέντε.

36 630 171 698 πάντων
204 629 241 697 δὲ
273 627 293 698 ό
293 656 324 697 τι
355 632 424 698 τῶν
455 628 520 719 πρδ
549 633 631 719 ἐμοῦ
663 631 853 717 γεγονότων
881 628 1103 722 αῦτοκρα-ῖτε

36 735 145 824 τόρωυ
183 733 306 824 όόφθην
342 751 412 817 τοῖς
451 732 613 825 ὑπηκόοις
653 736 838 826 πρᾳότατος
873 739 930 807 καὶ
972 736 1050 809 οῦτε

36 850 166 931 Καῖσαρ
196 838 312 911 οὑτοσὶ
342 845 416 932 περὶ
444 843 574 912 τούτων
606 840 890 932 ἀμφισβητήσειεν
922 842 965 913 ἀν
992 870 1050 932 μοι

36 947 108 1017 οὔτ’
141 947 239 1030 ἀλλος
268 946 348 1018 οῦδὲ
376 943 433 1036 εἷς,
462 947 607 1037 εῦδηλόν
635 951 708 1018 ἐστί
732 975 808 1018 που.
823 965 827 971 ’
844 947 928 1039 πρὸς
955 958 1067 1041 Παρ-Υ

36 1062 182 1137 θυαίους
215 1059 266 1141 δέ,
298 1058 379 1145 πρὶν
410 1055 472 1144 μὲν
504 1053 695 1126 ἀδικεῖσθαι
722 1053 801 1145 παρ’
831 1053 959 1144 αῦτῦν,
988 1054 1050 1126 οῦκ
1128 1138 1131 1144 1

36 1159 131 1252 ρ’όμην
160 1168 233 1231 δεῖν
255 1165 402 1251 χρῆσθαι
424 1177 494 1244 τοῖς
518 1160 646 1243 ὅπλοις·
674 1160 832 1232 ἀδικοῦσι
857 1162 894 1232 δὲ
917 1165 1049 1252 ἐπεξῆλ-

36 1279 103 1337 θον
131 1266 234 1338 οῦδὲν
260 1264 326 1337 ὑπὸ
354 1271 413 1356 τῆς
439 1266 569 1357 ἡλικίας
594 1275 771 1357 κωλυθεός,
798 1275 907 1339 καίτοι
935 1270 1049 1339 διδόν-

36 1401 103 1444 των
135 1403 191 1462 μοι
226 1377 295 1443 τῶν
326 1375 441 1462 νόμων
472 1373 510 1444 τό
547 1373 591 1463 μὴ
625 1375 874 1461 στρατεύεσθαι.
919 1375 1050 1446 τούτων
1063 1372 1094 1445 B'

35 1481 78 1570 δὴ
106 1482 269 1551 τοιούτων
297 1479 416 1569 όντων,
444 1473 498 1570 ἀρ’
529 1479 605 1569 οῦχὶ
627 1484 683 1551 καὶ
706 1485 868 1570 τιμᾶσθαι
894 1481 958 1568 πρὸ
983 1486 1052 1552 τεόν

36 1585 148 1656 ἀλλων
175 1591 241 1677 εἰμὶ
269 1589 407 1675 δίκαιος,
435 1591 540 1679 πρᾷος
566 1585 628 1676 μὲν
654 1587 739 1679 πρὸς
761 1586 840 1670 τοὺς
866 1584 1050 1677 ὑπηκόους,

36 1691 181 1783 φοβερός
210 1694 246 1764 δὲ
273 1694 358 1783 πρὸς
384 1693 463 1776 τοῦς
490 1701 671 1782 πολεμίους
699 1694 927 1785 διαφερόντως
953 1694 1049 1783 γενό-

36 1829 146 1890 μενος,
174 1803 344 1882 αἰδεσθεὶς
371 1801 408 1870 δὲ
436 1802 491 1869 καὶ
509 1799 572 1888 τὴν
599 1796 764 1890 ὑμετέραν
791 1806 936 1887 ἔγγονον
954 1811 1049 1889 φιλο-

36 1914 176 1995 σοφίαν;
204 1911 342 1977 τοιαῦτα
366 1903 388 1976 ό
420 1905 595 1996 Τραϊανός
613 1905 717 1976 εἰπόν
745 1906 853 1978 ἐδόκει
880 1910 920 1996 τῇ
946 1901 1064 1998 πραό-Ι

36 2042 108 2102 τητι
141 2016 278 2082 πάντων
309 2029 458 2103 κρατεῖν,
490 2014 546 2082 καὶ
574 2015 674 2100 δῆλοί
703 2037 774 2093 πως
800 2002 887 2100 ἦσαν
915 2016 951 2082 οῖ
974 2014 1051 2082 θεοὶ
1136 2034 1139 2039 ·

36 2121 177 2208 μάλιστα
204 2117 365 2210 ἡσθέντες
392 2122 445 2189 ἐπὶ
472 2120 589 2211 τοότφ.

121 2248 189 2313 Τοῦ
216 2245 362 2335 Μάρκου
394 2245 431 2314 δὲ
464 2241 651 2333 ἀρχομένου
684 2246 807 2331 λέγειν,
841 2240 860 2313 ό
888 2242 1052 2332 Σειληνὸς

36 2349 143 2441 ἠρέμα
179 2349 263 2441 πρὸς
298 2351 359 2422 τὸν
390 2351 580 2437 Διόνυσον,
610 2346 835 2438 Ἀκοόσωμεν,
872 2355 952 2438 ἔφη,
989 2353 1087 2419 τοῦθ

36 2461 192 2527 Στωικοῦ
219 2464 367 2545 τουτουί,
394 2466 429 2526 τί
452 2484 532 2528 ποτε
559 2455 624 2546 ἀρα
646 2459 715 2525 τῶν
742 2457 943 2547 παραδόξων
971 2459 1052 2527 ἐκεί-

36 2593 108 2634 νων
135 2567 205 2654 ἐρεῖ
229 2568 285 2634 καὶ
312 2570 494 2655 τεραστίων
521 2563 707 2651 δογμάτων.
750 2558 767 2631 δ
797 2563 835 2632 δὲ
862 2559 1076 2652 ἀποβλέψας

36 2670 121 2760 πρὸς
153 2670 213 2740 τόν
240 2678 310 2741 Δία
341 2673 397 2741 καὶ
424 2669 504 2752 τοῦς
535 2669 654 2757 θεούς,
679 2666 764 2738 Ἀλλ’
795 2675 922 2759 ἔμοιγε,
950 2667 1053 2757 εἶπεν,

37 2771 64 2846 ὦ
95 2781 162 2845 Ζεῦ
193 2781 249 2847 καὶ
276 2785 367 2865 θεοί,
399 2777 511 2864 λόγων
538 2774 640 2847 οῦδὲν
672 2780 726 2873 δεῖ
754 2777 811 2845 καὶ
839 2773 978 2863 ἀγῶνος.
1024 2779 1056 2844 εἰ

109 3025 122 3071 1
143 3025 170 3071 ετ
187 3024 203 3072 2
221 3014 418 3085 ἑτοιμοτέρους
437 3011 544 3078 αότοῦς
565 3016 698 3070 ποιοῦσιν
718 3022 791 3070 eant.
810 3016 909 3083 ομιττεδ.
938 3014 1055 3082 Spectat

37 3091 113 3140 huno
133 3089 223 3139 locum
241 3089 406 3139 Eustathius
423 3088 457 3138 ad
475 3088 590 3153 Dionys.
608 3086 686 3136 Perie
709 3123 715 3137 .
733 3101 758 3136 v.
771 3087 822 3136 304
889 3087 907 3134 2
930 3070 1052 3160 ,,Ροοτῆ

38 3158 149 3208 videtur
168 3149 251 3208 ἄλλοι
268 3155 394 3206 deesse.“
419 3155 487 3207 Rsk.
556 3145 674 3218 λέμοῧ]
689 3101 821 3217 ἐμαυτοῦ
839 3151 941 3203 malim.
965 3143 1054 3218 Ἐμου

38 3241 124 3291 supra
142 3225 227 3276 2870
246 3230 275 3275 et
293 3238 386 3274 rursus
404 3222 488 3274 351ss
507 3214 634 3288 ἐμαυτοῦ
651 3219 783 3271 librorum
801 3234 854 3286 ope
872 3221 979 3272 eorrexi
1019 3220 1055 3337 a}

38 3352 150 3412 τοότων
180 3356 298 3412 πάντων
316 3361 385 3426 Aug.
403 3363 459 3426 pet.
539 3347 642 3409 ’τοῦτ’
661 3352 806 3420 VMAug.]
829 3343 902 3431 οότες
964 3356 1056 3417 8μευ

38 3426 109 3494 πρὶν
127 3446 146 3494 μ
164 3445 180 3479 ν
198 3430 223 3480 V
302 3432 317 3479 9
336 3420 416 3493 ἀμην
433 3423 523 3492 MPd]
541 3419 639 3494 ρλόμην
714 3425 747 3475 10
764 3414 832 3476 οὐδ’
849 3415 907 3472 ὑπο
924 3420 964 3482 V,
983 3413 1055 3471 οῦδὲ

38 3488 96 3550 ὑπὸ
116 3500 187 3562 Aug.
241 3499 272 3546 12
291 3494 341 3548 καὶ
358 3493 501 3560 τιμᾶσθαι
519 3491 627 3559 VBav.]
646 3489 790 3555 τιμᾶσθαι
808 3487 858 3540 καὶ
929 3490 960 3539 19
979 3481 1057 3554 ἔργο·

40 3562 132 3632 μένου
150 3571 205 3630 pet.
275 3567 309 3614 24
330 3555 423 3616 οῦθδν
440 3562 499 3615 VM
