2392 3960
106 163 169 226 462
406 161 551 214 ιυιιλαι
569 161 819 213 ιαεειιευοαιε

54 295 180 374 358άλλ’
206 297 256 367 ὅτι
279 301 369 384 με’λει
392 324 449 384 μοι
471 301 540 365 τῶν
562 297 725 365 τοιούτων
747 289 848 384 ῆττον
870 299 978 384 ητῶν
995 299 1035 364 ἐν
1053 310 1125 376 τοῖς

106 406 242 491 τέλμασι
277 401 461 490 βατράχων.
511 400 580 470 εἶτα
613 399 675 470 οῦκ
707 402 841 482 εἰκότως
873 404 1019 490 ἐμαυτοῦ
1050 429 1124 470 κατ-

107 513 218 597 ηγορῶ
247 508 410 587 τοσαύτας
438 505 615 595 ἀπεχθείας
637 507 741 593 λαβὰς
762 507 1009 596 παρασχόντοςς
1046 504 1121 577 ἀλλ’

108 613 301 706 ὁῬωμαῖος
319 613 452 699 Κάτων,
476 612 565 693 ὅπως
582 613 645 701 μὲν
664 619 750 700 ἒχων
768 613 931 700 πώγωνος
949 611 1013 683 ούκ
1032 613 1122 700 οἶδα,

107 721 184 810 παρ’
215 719 374 789 ὁντινοῦν
406 720 444 788 δέ
470 724 538 787 τῶν
571 720 623 786 ἐπὶ
655 719 861 808 σωφροσύνῃ
893 722 949 788 καλ
981 728 1146 808 μεγαλοι

108 835 211 917 μυχία
247 827 302 894 καὶ
338 826 375 894 τὸ
414 827 572 914 μέγιστον
607 823 746 914 ἀνδρεία
781 829 866 913 μέγα
898 826 1124 914 φρονούντων

108 933 199 1015 ἄξιος
235 935 461 1018 ἐπαινεῖσθαι,
497 931 646 1019 προσιὼν
680 935 760 1021 τῆδε
790 943 831 1021 τῇ
863 931 1122 1025 πολυανθριύπφ

107 1042 163 1108 καὶ
194 1043 343 1129 τρυφερᾷ
375 1040 429 1106 καὶ
461 1045 604 1128 πλουσίᾳ
633 1038 727 1106 πόλει
753 1039 834 1118 τοὺς
861 1037 1010 1125 ἐφήβους
1037 1040 1124 1110 ίδων

67 1165 90 1218 Β
109 1147 146 1213 ἐν
167 1150 213 1237 τῷ
236 1151 420 1236 προαστείφ
442 1142 613 1231 μετὰτῶν
636 1141 809 1231 ἀρχόντων
833 1146 1058 1231 ἐσταλμένους
1078 1145 1123 1227 ὥς

108 1252 164 1318 ἐπί
183 1278 258 1319 τινα
282 1255 492 1338 δορυφορίαν
511 1250 667 1337 ἐνόμισεν
685 1248 791 1318 αῦτοῦ
807 1249 907 1336 χάριν
926 1247 1026 1338 ὑμῶν
1042 1256 1122 1333 τοὺς
1134 1272 1156 1317 ιο

49 1390 52 1396 ·
107 1357 297 1444 προγόνους
327 1355 388 1443 τῆν
420 1356 634 1442 παρασκευὴν
665 1359 776 1423 πᾶσαν
807 1357 1030 1442 πεποιῆσθαι·
1066 1360 1122 1427 καί

107 1467 240 1531 θᾶσσον
262 1460 391 1547 άποβδις
412 1464 474 1528 τοῦ
494 1464 596 1528 ἵππου
614 1465 761 1548 προῆγεν
776 1460 849 1559 ,ἅμα
867 1462 923 1530 καὶ
941 1462 1027 1550 πρὸς
1043 1465 1123 1545 τοὺς

107 1569 337 1656 προλαβόντας
374 1571 442 1636 τῶν
478 1573 588 1653 φίλων
625 1562 856 1657 δυσχεραίνων
893 1566 937 1648 ὡς
972 1572 1122 1658 μηνυτὰς

107 1676 309 1761 γενομένους
332 1671 460 1758 αὐτοῖς,
488 1671 538 1741 ὅτι
562 1672 685 1742 Κάτων
708 1673 887 1762 προσάγει,
908 1675 965 1742 καὶ
988 1674 1119 1747 άναπεί-

108 1800 230 1860 σαντας
259 1782 445 1869 ἐκδραμεῖν.
490 1778 589 1859 ὄντος
621 1778 653 1847 δ’
683 1783 721 1848 ἐν
747 1781 914 1862 τοιούτοις
936 1779 1044 1852 αὐτοῦ
1065 1785 1154 1853 καλσ

108 1891 350 1975 διαποροῦντος
371 1884 477 1974 ῆρίμα
496 1887 553 1954 καὶ
572 1888 809 1975 ἐρυθριῶντος,
833 1886 851 1956 ὁ
871 1897 1121 1980 γυμνασίαρχος

68 1994 347 2081 Οπροσδραμιόν,
372 1985 421 2059 Ὦ
449 1994 535 2077 ξένε,
568 1998 647 2079 ἐφη,
679 1997 746 2061 ποῦ
769 1994 977 2081 Λημῆτριος;
1013 1988 1059 2083 ῆν
1086 1995 1118 2065 δ’

108 2092 204 2179 οῦτος
227 2097 450 2186 ἀπελεύθερος
465 2105 663 2186 Πομπηίον,
685 2101 884 2187 κεκτημένος
902 2097 1025 2169 οῦσίαν
1041 2111 1122 2172 πολ-

106 2205 170 2293 λὴν
191 2205 293 2273 πάνυ·
324 2208 446 2293 μέτρον
469 2203 500 2272 δ’
526 2202 629 2292 αὐτῆς
652 2210 682 2273 εί
698 2215 834 2274 ποθεῖτε
856 2215 994 2294 μαθεῖν·
1028 2207 1120 2298 οἶμαι

106 2311 175 2406 γάρ.
206 2310 292 2400 ὑμᾶς
326 2314 361 2379 ἐκ
392 2311 529 2380 πάντων
558 2316 627 2380 τῶν
658 2313 848 2400 λεγομένων
878 2314 964 2400 πρὸς
993 2314 1155 2404 ταύτην»

106 2418 247 2506 μάλιστα
266 2415 444 2505 ὡρμῆσθαι
461 2417 525 2505 τῆν
544 2415 661 2504 άκοῆν·
685 2416 749 2504 ἐγω
763 2416 824 2485 τὸν
839 2417 975 2486 είπόντα
988 2421 1120 2509 φράσω.

107 2529 293 2614 Δαμοφίλφ
324 2528 370 2615 τῷ
403 2528 543 2616 Βιθυνῷ
575 2529 750 2610 πεποίηται
782 2526 1022 2614 συγγράμματα
1052 2554 1120 2597 τοι·

159 2841 186 2885 ,1
206 2835 264 2887 τῶν
282 2852 333 2887 om.
351 2840 430 2886 mart.
443 2840 498 2902 pet.
515 2834 519 2901 Ι
534 2834 590 2887 τῶν
607 2828 939 2902 τοιούτων-βατράχων
951 2839 996 2891 eit.
1015 2838 1117 2891 Suidas

103 2921 130 2956 v.
149 2899 261 2956 Μέλλει
279 2908 305 2954 et
323 2920 348 2952 v.
364 2901 459 2986 Τὲλμα
476 2916 479 2963 ι
495 2893 591 2970 ῆττον]
612 2896 703 2955 οῦδὲν
720 2893 807 2969 ῆττον
826 2903 900 2955 suid.
937 2909 953 2955 3
971 2898 1117 2967 τοσαύτας

104 2969 186 3037 Rek]
207 2964 347 3036 τοσαύτης
372 2977 377 3030 Ι
403 2965 476 3023 αλλὰ
495 2972 566 3023 VMb
635 2964 802 3022 ὁὸντινοῦν
820 2970 900 3038 θεία]
920 2965 1063 3026 ὁντινοῦν
1083 2976 1114 3037 V,

104 3031 258 3091 ὁντιναοῦν
276 3056 293 3089 v
363 3041 378 3087 6
396 3033 503 3112 άνδρία
522 3043 600 3090 mart.
619 3045 672 3105 pet.
698 3046 703 3101 Ι
736 3036 810 3106 μέγα
828 3033 1013 3106 φρονούντων
1031 3042 1115 3104 ΜΙιΡ,

103 3100 364 3173 μεγαφρονούντων
381 3109 434 3159 Pef
450 3113 529 3158 mart.
548 3111 614 3171 φεῖ,
644 3102 830 3170 φρονούντων
848 3108 872 3158 V
890 3109 988 3170 spanh.
1041 3102 1115 3169 θοός

104 3190 156 3226 om.
175 3173 298 3224 MbFPef
313 3181 390 3228 mart.
408 3181 463 3241 pet.
512 3179 542 3224 12
560 3173 685 3240 προῆγεν
703 3175 804 3225 MbPef
819 3180 898 3226 mart.
919 3174 985 3242 ρετ]
1005 3176 1116 3243 προσῆ-

103 3257 153 3307 γεν
171 3245 194 3293 V
213 3242 308 3306 spanh.
328 3241 468 3296 Plutarch.
487 3241 546 3296 cat.
564 3243 628 3293 min.
647 3245 679 3292 13
696 3241 766 3308 πεζῆ
784 3259 894 3307 προηει.
919 3243 1033 3293 Reidxio
1049 3252 1115 3297 unte

104 3301 164 3373 ῦμα
190 3311 297 3360 videtur
320 3304 472 3370 αἰδεσθεὶς
497 3316 546 3361 aut
568 3302 733 3376 άχθόμενος
761 3314 810 3387 ραι
832 3311 888 3360 tale
910 3310 974 3376 quid
991 3309 1113 3379 doesnel

102 3370 174 3440 πρὸς
193 3394 243 3428 om.
260 3377 306 3427 Mb
325 3385 404 3428 mart.
457 3381 489 3429 14
507 3371 628 3444 προάγει
648 3377 718 3427 MbF
733 3377 738 3442 Ι
755 3378 989 3438 ανασπείσαντας
1008 3380 1033 3428 V
1084 3383 1114 3431 15

104 3443 137 3498 οὲ
156 3446 225 3495 νωι
297 3447 327 3494 ιι
347 3444 379 3498 ει
397 3446 469 3498 VMb
540 3449 571 3496 ιο
590 3440 622 3496 ει
639 3445 713 3495 ναι
782 3448 813 3495 21
833 3438 957 3510 ὁρμῆσαι
975 3448 1036 3511 Mb,
1061 3441 1113 3513 ὁρ

102 3513 192 3580 μησαι
209 3515 231 3564 F
300 3515 332 3563 22
351 3514 503 3584 δημοφίλφ
520 3513 649 3565 MbFPef
664 3518 741 3562 mart.
