2392 3960
334 181 515 235 EPISTOLA
534 185 583 247 AD
597 183 845 237 ,ἸῊΕΜΙδἸἸΠΜΙ
1032 184 1095 250 345

78 305 178 398 ὑμῶν
210 308 409 398 ἐπιτιμήσεις
445 306 661 398 ἀπελυσάμην
697 316 745 392 εἰς
782 311 936 401 δύναμιν.
982 318 1094 401 διδοίη

79 417 119 485 δέ
147 412 164 483 ὁ
193 414 276 497 θεὸς
307 418 369 503 την
402 413 542 506 ἀρίστην
572 416 678 506 τύχην
709 419 765 487 καὶ
798 418 966 507 φρόνησιν
998 417 1096 501 ἀξίαν

79 526 140 610 τῆς
165 522 282 611 τύχης,
311 518 355 603 οδς
387 520 452 609 ἐγω
480 524 546 590 νῦν
574 528 609 592 ἐκ
636 550 671 594 τε
698 527 760 593 τού
787 531 975 615 κρείττονος
1001 525 1039 595 τό
1058 553 1096 613 με

53 735 245 824 εφούντωυ
276 737 464 822 βοηθητέος
494 733 585 804 εἶναί
609 763 665 823 μοι
698 740 802 823 δοκῶ,
833 740 1097 827 προτεταγμένος
1166 769 1183 800 κ

80 839 179 930 ύμῶν
210 842 267 909 καὶ
294 840 579 931 προκινδυνεύων.
626 847 657 910 εί
688 845 727 911 δέ
756 869 787 911 τι
819 851 931 930 μεῖζον
963 841 1113 930 ἀγαθὸν

80 952 141 1037 τῆς
178 944 337 1037 ἡμετέρας
373 950 584 1036 παρασκευῆς
621 947 714 1037 (καὶ)
752 940 791 1037 ἦς
828 944 913 1039 ὑπὲρ
951 951 1098 1037 ἐμαυτοῦ

82 1053 218 1143 γνώμης
245 1059 308 1141 ἔχω
335 1067 405 1135 τοῖς
432 1049 627 1143 ἀνθρώποις
654 1051 701 1125 δι’
730 1051 826 1143 ἡμων
845 1049 863 1124 δ
882 1052 964 1136 θεὸς
989 1055 1095 1147 παρά-

82 1183 174 1249 σχοι,
206 1166 418 1247 χαλεπαίνειν
451 1156 493 1229 ού
524 1158 585 1249 χρὴ
618 1158 702 1251 πρὸς
727 1158 808 1243 τούς
839 1159 940 1248 ἐμοὺς
966 1162 1096 1249 λόγους.

40 1303 67 1342 10
83 1265 149 1354 ἐγὼ
178 1264 241 1356 γὰρ
261 1262 363 1334 οὐδὲν
388 1268 519 1357 ἐμαυτῷ
539 1264 703 1349 συνειδὼς
729 1265 864 1355 ἀγαθὸν
879 1266 970 1356 ’πλὴν
996 1271 1095 1337 τούτο

82 1372 206 1461 μόνον,
242 1369 294 1441 ὅτι
326 1371 410 1460 μηδὲ
446 1380 559 1459 οίομαι
589 1370 631 1441 τά
657 1374 795 1462 μέγιστα
826 1379 915 1462 ἔχειν
947 1380 1032 1463 ἔχων
1059 1401 1097 1462 γε

83 1476 198 1564 οὐδέν,
226 1473 272 1559 ὥς
298 1472 379 1568 δρᾷς
405 1474 516 1562 αύτός,
544 1478 679 1562 εἰκότως
705 1481 776 1567 βοω
803 1480 860 1551 καὶ
887 1480 1097 1571 μαρτύρομαι
1160 1518 1172 1575 3

83 1582 128 1673 μὴ
163 1583 288 1672 μεχάλα
319 1581 399 1673 παρ’
434 1578 530 1671 ἡμῶν
561 1581 728 1673 ἀπαιτεῖν,
764 1583 848 1656 ἀλλά
878 1588 925 1678 τῷ
956 1589 1038 1679 θεῷ
1059 1585 1135 1661 τὸΒ

84 1692 153 1759 πάυ
181 1691 378 1778 ἐπιτρέπειν·
411 1687 499 1760 ούτω
527 1686 591 1779 νάρ
623 1689 688 1778 ἐγὼ
720 1694 789 1760 τῶν
815 1718 850 1761 τε
878 1692 1101 1781 ἐλλειμμάτων

41 1832 69 1873 15
85 1807 160 1885 είην
188 1792 231 1864 ἀν
259 1793 449 1876 ἀνεύθυνος
476 1801 543 1881 καί,
571 1799 763 1885 γενομένων
782 1793 943 1867 ἀπάντων
969 1800 1100 1885 δεξιῶν,

85 1901 271 1990 εύγνύμων
289 1897 332 1970 ἀν
359 1903 415 1970 καὶ
433 1902 564 1991 μέτριος
590 1912 674 1991 είην,
702 1899 765 1972 οὐκ
787 1900 973 1993 ἀλλοτρίοις
1000 1906 1099 1993 ἐμαυ-
1121 1960 1138 1982 „
1175 1912 1177 1915 ’

84 2009 146 2078 τὸν
165 2014 276 2096 ἐρχοις
294 2007 500 2096 ἐπιγράφων,
522 2010 568 2100 τῷ
587 2011 658 2100 θεῷ
677 2010 726 2095 δέ,
744 2005 855 2100 ὥσπερ
874 2000 938 2078 οὖν
956 2015 1101 2098 δίκαιον,
1180 2006 1183 2010 ’

84 2110 397 2205 προσανατεδεικιδς
424 2111 554 2183 ἅπαντα
582 2111 684 2195 αὐτός
710 2140 745 2184 τε
772 2122 904 2203 εἴσομαι
930 2117 987 2184 καὶ
1014 2111 1101 2204 ὑμᾶς

84 2223 260 2311 προτρέπω
286 2218 349 2308 τὴν
375 2219 473 2309 χάριν
500 2220 634 2290 εἰδέναι.

173 2429 258 2477 3et4
279 2422 313 2478 τό
330 2421 468 2504 χεκλέον
486 2423 553 2477 Rsk
574 2429 601 2475 et
616 2423 655 2505 Η]
678 2419 712 2478 τό
730 2441 762 2494 χε
784 2419 838 2479 nu
840 2443 882 2479 ον
911 2424 1102 2480 οί.122οτο’

84 2510 119 2560 χε
143 2487 260 2546 ἔλαττον
327 2491 441 2575 Μίκων
463 2484 702 2574 φιλοσοφούντων
725 2489 824 2560 post
808 2492 891 2559 υμῶν
910 2493 1101 2546 collocandum

86 2557 334 2640 Ὶπαραδκευῖ.)
355 2547 387 2626 ἦ.
410 2560 444 2626 V,
461 2559 646 2626 παρασκευῆς
662 2578 698 2628 ης
715 2579 734 2614 v
820 2564 851 2613 12
873 2559 931 2628 βοῶ
947 2560 1030 2628 ask]
1047 2559 1102 2628 βιῶ

87 2633 120 2680 14
139 2599 328 2695 ἐλειμμοίτων
335 2628 361 2678 V
447 2630 479 2679 18
501 2625 773 2709 προσανατεθεικδς
790 2630 915 2696 Lennep
933 2631 968 2681 εδ
988 2629 1098 2681 ΡδεΙει.

84 2698 157 2762 Epp.
176 2713 202 2761 p.
219 2699 267 2748 158
269 2695 317 2762 ‚a]
337 2691 593 2760 προανατεδεικιδς
