2392 3960
129 145 192 208 316
432 143 575 194 IULIANI
598 143 846 194 IMPERATORIS

76 267 151 342 νεεδ
180 269 522 360 μέγαςάὐτοκράτωρ
541 267 638 338 ταῦθ’
669 267 756 339 οὕτω
775 271 852 339 νυνὶ
882 269 1145 358 βουλεύσασθαι.

128 384 163 445 τί
187 402 266 445 ποτε
294 368 357 444 οὖν
375 375 440 466 άρα
467 374 529 466 χρη
558 378 785 464 διανοηθέντα
808 377 864 444 καὶ
891 382 986 458 τίνας
1014 375 1146 468 έπφδδις

130 480 273 572 εὑρόντα
300 497 412 551 πείσαι
439 481 551 573 πράως
579 488 666 570 ἔχειν
694 477 760 553 ὑπὸ
787 485 850 551 τοῦ
877 483 1011 564 πάθους
1037 493 1144 572 θορυ-

69 654 70 657 ,
130 591 300 677 βουμέυην
332 587 394 676 τὴν
421 589 548 676 φυχήνς
581 581 646 678 άρα
673 584 754 676 ἡμῖν
787 593 823 657 οί
847 589 1054 676 Ζαμόλξιδός
1082 595 1146 658 είσι

130 697 281 783 μιμητέον
308 695 412 781 λόγοι,
442 695 540 785 (λέγω
561 694 612 784 δέ)
640 693 699 776 τὰς
717 697 753 764 έκ
773 694 907 786 Θρηίκης
935 695 1078 786 έπφδάς,
1106 692 1172 776 άςι

128 799 286 890 Ἀθήναζε
319 804 433 891 φέρων
466 796 483 869 ὁ
518 801 701 888 Σωκράτης
732 799 796 890 πρὸ
829 805 892 870 τοῦ
917 801 984 889 τὴν
1016 797 1146 889 ὀδύνην

131 911 250 977 ἰᾶσθαι
268 911 326 996 τῆς
343 910 491 995 κεφαλῆς
509 907 644 997 ἐπᾴδειν
672 904 768 995 ἠξίου
791 911 837 999 τῷ
865 911 955 998 καλῷ
974 913 1146 997 Χαρμίδῃ;

130 1011 151 1102 ί]
183 1014 324 1094 τούτους
355 1013 417 1101 μέν
450 1010 505 1081 άτε
533 1012 574 1100 δι]
607 1019 758 1101 μείζονας
789 1015 845 1082 καὶ
877 1017 952 1103 περὶ
984 1013 1148 1101 μειζόνων

131 1117 173 1188 οὐ
200 1121 370 1207 κινητέον,
403 1116 513 1208 ὥσπερ
541 1122 578 1187 έν
608 1120 740 1211 θεάτρῳ
775 1123 880 1211 μικρῷ
909 1119 1059 1208 μηχανάς
1091 1149 1147 1208 με·

95 1227 245 1312 Βγάλας,
274 1223 340 1294 ἀλλ’
371 1228 407 1294 έκ
433 1229 502 1293 τῶν
520 1231 711 1315 έμπροσθεν
730 1231 848 1315 ἔργων,
877 1218 925 1294 ὧν
948 1227 1148 1315 ἐπυθόμεθα
1163 1251 1186 1290 ιι

131 1331 170 1400 τά
198 1335 293 1417 κλέα,
322 1333 427 1418 φησὶν
455 1327 472 1400 ὁ
501 1332 652 1420 ποιητής,
681 1329 791 1420 ὥσπερ
819 1334 855 1401 έκ
882 1335 1043 1420 λειμῶνος
1071 1338 1147 1424 δρε-

131 1438 273 1526 ψάμενοι
300 1444 456 1506 ποικίλου
483 1439 539 1506 καὶ
566 1441 770 1519 πολυτελοῦς
803 1437 893 1526 άνθη
922 1438 962 1507 τά
990 1439 1148 1508 κάλλιστα

56 1587 58 1590 <
131 1543 419 1632 φυχαγωγήσομεν
448 1539 571 1625 αὑτοὺς
597 1559 667 1625 τοῖς
686 1544 878 1633 διηγήμασι,
905 1544 1006 1635 μικρά
1024 1549 1094 1614 τῶν
1113 1549 1149 1615 ἐκ

132 1657 335 1737 φιλοσοφίας
372 1647 487 1730 αὐτοῖς
522 1652 771 1739 προστιθέντες;
810 1649 919 1741 ὥσπερ
956 1650 1020 1739 γάρ
1054 1651 1161 1742 οἶμαιΙ

131 1771 202 1837 τοῖς
234 1763 311 1824 λίαν
343 1759 500 1842 γλυκέσιν
533 1761 569 1826 οί
597 1759 834 1846 παρεγχέοντες
866 1755 929 1827 οὐκ
957 1754 1024 1827 οἷδ’
1056 1754 1146 1828 ὁποῖ’
1163 1782 1186 1823 ιε

132 1861 213 1930 άττα
241 1862 400 1951 φάρμακα
420 1861 458 1932 τὸ
478 1863 662 1952 προσκορές
681 1860 1031 1953 αὐτωνάφαιροῦσιν,
1060 1862 1149 1934 οὕτω

131 1984 201 2050 τοῖς
229 1969 431 2057 διηγήμασιν
458 1971 494 2037 ἐκ
513 1976 716 2058 φιλοσοφίας
743 1975 816 2038 ένια
844 1973 1092 2060 προστιθέμενα
1109 1970 1148 2042 τὸ

96 2081 245 2167 Οδοκεῑν
272 2077 305 2157 ἐξ
335 2081 483 2165 ἱστορίας
510 2073 649 2166 άρχαίας
676 2073 777 2164 ὄχλον
809 2076 1012 2164 ἐπεισάγειν,
1045 2073 1150 2147 οὐδέν

133 2185 223 2267 δέον,
251 2184 307 2250 καὶ
333 2181 490 2270 περιττὴν
518 2178 718 2270 άδολεσχίαν
747 2179 946 2272 ἀφαιρεῖται.

216 2311 259 2373 Τί
282 2308 431 2395 πρῶτον;
458 2312 494 2373 τί
518 2303 551 2374 δ’
582 2312 712 2389 έπειτα;
740 2313 775 2375 τί
801 2304 832 2375 δ’
863 2303 1021 2376 ὑστάτιον
1048 2335 1148 2377 κατα·
1163 2333 1187 2374 ιο

983 2416 1085 2496 λέξαις

131 2535 273 2625 πότερον
301 2530 345 2615 ὥς
373 2531 391 2603 ὁ
418 2541 579 2623 Σκηπίων
608 2538 742 2623 ἐκεῖνος,
771 2532 789 2606 ὁ
817 2535 878 2606 τὸν
896 2543 1039 2606 Λαίλιον
1066 2535 1149 2626 άγα-

130 2641 238 2729 πήσας
274 2642 330 2710 καὶ
368 2642 524 2729 φιληθεὶς
555 2642 592 2711 τὸ
626 2643 808 2730 λεγόμενον
840 2653 902 2736 ίσφ
940 2647 1028 2736 ζυγῷ
1065 2643 1146 2735 παρ’

219 2845 231 2891 1
255 2833 346 2893 ταῦθ’
365 2831 439 2894 οὕτω
457 2840 527 2909 VM]
552 2832 636 2895 ταῦτ’
657 2835 738 2896 οάπω
756 2848 829 2911 μοι,
851 2836 943 2896 ταῦθ’
963 2846 1061 2911 spanh.
1133 2851 1149 2897 ⁸2

132 2903 188 2974 ἄρα
207 2905 277 2976 VM]
297 2896 356 2975 εἶρα
383 2910 387 2973 Ι
414 2907 467 2977 χρὴ
486 2909 572 2975 διανο
593 2906 688 2963 θέντα
704 2910 745 2980 Μ]
786 2905 821 2980 ρὴ
845 2929 867 2964 ,ι
875 2950 984 2966 .......
1007 2913 1039 2977 V,
1058 2907 1112 2981 χρὴ
1132 2930 1150 2967 v

131 2976 337 3056 tigaluo'gtffog
354 2979 383 3029 M
451 2983 468 3029 ο
486 2929 608 3046 λέγωδὲ
627 2975 706 3047 Oob.]
725 2929 784 3031 καέ
796 2982 800 3044 Ι
824 2972 876 3040 τάς
894 2973 925 3032 έιι
944 2973 1061 3052 Θρᾴκης
1079 2980 1149 3047 VM]

131 3063 183 3105 τας
208 3049 277 3110 μελ,
305 3037 477 3109 έκθρυλλείυ
505 3045 551 3109 (ex
575 3065 600 3113 p.
618 3047 717 3110 3090,
744 3054 776 3099 ut
797 3049 916 3110 videtur,
940 3044 1071 3114 petitum)
1094 3042 1151 3110 τάς

131 3113 226 3178 spanh.
297 3112 476 3196 λΧαρμίδη]
495 3115 568 3166 Plan
587 3115 697 3168 Charm.
716 3115 802 3168 lbssD
870 3109 942 3181 8δὴ
958 3131 1014 3167 ·om.
1032 3116 1063 3167 M
1118 3120 1151 3173 10

132 3186 160 3232 et
173 3184 202 3231 11
227 3168 269 3232 ὧν
291 3173 468 3247 έπνθομεθα
490 3174 526 3234 τά
549 3178 633 3249 κλέα]
658 3183 738 3238 Iliad.
758 3201 781 3247 ι,
800 3185 863 3248 524,
887 3183 959 3234 unde
977 3182 1045 3236 (λου.
1063 3176 1150 3238 lm·

130 3245 252 3311 θόμεθα
274 3249 333 3300 vult
354 3266 489 3315 reponere
577 3253 606 3300 ll
631 3248 722 3331 φησὶν
745 3249 819 3333 VM]
845 3249 917 3318 φησὶ
949 3251 954 3315 Ι
986 3243 1002 3304 δ
1024 3250 1151 3321 ποιητὴς

131 3317 193 3368 εδδ.
213 3319 242 3368 Μ
312 3320 343 3369 13
367 3309 476 3378 αὖτοὺς
494 3313 530 3400 VJ
550 3309 658 3378 πότους
727 3322 759 3369 14
781 3336 838 3384 γαρ
856 3319 919 3370 add.
938 3320 999 3369 VM
1070 3321 1104 3373 1⁶
1122 3327 1178 3387 ot¹

132 3387 163 3434 16
182 3377 265 3437 ὁποῖ’
285 3375 358 3436 ἅττα
378 3386 413 3446 V,
436 3379 578 3437 δποιαττα
594 3387 622 3435 Μ
713 3389 744 3438 17
763 3380 941 3453 διηγήμασιν
960 3384 1030 3455 VM]
1050 3382 1152 3457 διηγή-

130 3468 199 3516 μασι
232 3452 236 3517 Ι
270 3446 333 3502 ένια
362 3449 578 3520 προστιθέμενα
608 3452 689 3520 Rsk.]
720 3449 801 3505 αἰτία
830 3449 1047 3523 προστιθεμένη
1119 3458 1153 3509 20

71 3582 76 3590 ¹
132 3519 228 3583 odyss.
249 3540 273 3582 ι,
294 3523 325 3569 ιι
394 3522 427 3570 ιε
446 3516 541 3571 mm
560 3523 584 3570 v
652 3524 771 3573 22et23
790 3514 806 3574 ὁ
827 3517 860 3574 οε
880 3515 1036 3589 ἀγαπήσας
1057 3517 1153 3577 aas&

1100 3726 1188 3867 -ῑει
