2370 3908
122 197 164 262 36
420 198 563 250 IULIANI
586 195 835 248 IMPERATORIS

123 325 332 412 ἐτελεύτησεν
360 329 408 405 είς
434 323 623 414 συμφοράς·
652 320 785 413 λαμπρά
804 321 844 391 τά
862 324 938 412 περὶ
964 321 1027 409 τὴν
1045 329 1159 391 Πλα·“

122 434 243 500 ταιέων
274 437 470 519 πολιορκίαν
501 431 680 519 γενόμενοι,
719 429 900 518 ἐχρήσαντο
933 427 972 496 δὲ
1005 431 1040 496 οί
1070 433 1141 497 δεί-

123 547 211 607 λαιοι
239 537 493 626 γνωριμώτερον
520 553 589 618 τοῖς
617 536 854 625 δυστυχήμασι.
894 540 930 603 τί
953 532 1015 623 χρὴ
1044 542 1140 603 Μεσ-

124 645 227 732 σήνης
263 645 318 712 καὶ
354 643 472 712 Πύλου
509 638 714 733 μεμνῆσθαι,
757 640 833 710 ούτε
874 638 1141 728 ἀγωνισαμένων

84 772 105 827 c
124 753 288 841 καρτερῶς
307 747 384 818 ούτε
403 745 554 819 ἁλόντων
582 748 644 831 ξύν
662 755 734 840 βίηις
764 747 994 836 Συρακούσιοι
1022 746 1060 814 δέ
1079 744 1166 816 τὸνι

124 854 234 944 σοφὸν
276 858 404 925 έκεῖνον
445 853 675 937 ἀντιτάξαντες
710 868 782 935 ταίς
819 867 1046 943 παρασκευαῖς
1081 856 1142 941 τῆς

124 959 283 1052 ἡμετέρας
308 962 435 1042 πόλεως
462 965 518 1030 καὶ
545 966 590 1054 τῷ
618 965 708 1054 καλῶ
736 958 876 1053 κάγαθῷ
906 961 1081 1051 στρατηγῷ
1109 964 1146 1027 τί

123 1071 225 1137 πλέον
254 1065 399 1149 ώναντο;
429 1065 490 1155 ούχ
510 1067 660 1137 ἑάλωσαν
679 1068 740 1156 μέν
766 1069 835 1135 τῶν
858 1064 969 1134 άλλων
996 1075 1142 1161 αίσχιον,

15 1244 19 1251 ,
125 1174 286 1257 ἐσώζοντο
315 1173 352 1241 δὲ
370 1172 474 1243 καλὸν
501 1170 682 1261 ύπόμνημα
699 1177 757 1261 τῆς
784 1176 853 1240 τῶν
872 1173 1015 1241 ἑλόντων
1034 1171 1141 1261 πρηιό-

125 1307 236 1367 τητος;
262 1277 346 1348 Ἀλλ’
377 1285 408 1348 εί
424 1280 532 1361 πάσας
554 1281 808 1368 ἐξαριθμεῖσθαι
836 1278 894 1359 τάς
920 1277 1032 1359 πόλεις
1059 1284 1142 1364 βου-
1155 1302 1178 1341 1··

125 1392 260 1473 λοίμην,
298 1391 335 1453 αἳ
369 1384 451 1474 πρὸς
483 1384 541 1466 τὰς
577 1382 819 1475 ὑποδεεστέρας
855 1382 897 1453 ού
933 1383 1143 1475 κατηρκεσαν

125 1491 353 1581 παρασκευάς,
386 1491 491 1573 πόσας
524 1501 586 1561 οίει
619 1519 676 1579 μοι
708 1498 847 1579 βίβλους
879 1487 1047 1580 άρκέσειν;
1084 1492 1144 1577 τῆς

122 1594 247 1685 Ῥώμης
275 1597 313 1665 δέ
341 1607 421 1677 ίσως
448 1594 544 1678 άξιον
562 1601 757 1686 μνησθῆναι
784 1597 885 1665 πάλαι
912 1595 991 1664 ποτέ
1018 1614 1142 1686 χρησα-

82 1706 228 1791 Βμένης
254 1703 337 1791 τύχη
365 1703 517 1791 τοιαύτη,
551 1707 710 1772 Γαλατῶν
743 1702 834 1791 οἶμαι
861 1705 917 1771 καὶ
944 1705 1081 1771 Κελτῶν
1110 1702 1144 1783 ἐς

126 1806 228 1877 ταύτὸ
256 1808 473 1877 πνευσάντων
492 1811 547 1877 καὶ
566 1811 761 1897 φερομένων
781 1806 831 1877 ἐπ’
862 1805 969 1896 αὐτὴν
988 1806 1142 1895 καθάπερ
1155 1828 1177 1869 ιι.

127 1915 326 2005 χειμάρρους
354 1917 519 2002 ἐξαίφνης.
555 1920 739 2002 κατέλαβον
766 1915 827 2002 μὲν
854 1915 918 2003 γάρ
945 1911 1006 1982 τὸν
1033 1912 1144 1999 λόφον

128 2025 272 2108 ἐκεῖνον,
301 2011 343 2090 ού
370 2019 406 2090 τὸ
435 2024 496 2089 τού
524 2021 609 2101 Διὸς
636 2017 820 2110 ἀφίδρυται
847 2022 979 2109 βρέτας·
1012 2021 1145 2109 γέρροις

128 2128 165 2196 δέ
193 2134 252 2196 καί
275 2148 342 2195 τισι
359 2127 523 2208 τοιούτοις
551 2128 655 2196 οίονεί
673 2134 772 2213 τείχει
795 2125 1012 2214 φραξάμενοι,
1039 2133 1160 2223 πολυ-Ι

128 2233 414 2322 πραγμονούντων
443 2230 545 2302 ούδέν
573 2229 653 2302 ούδδ
679 2235 854 2321 προσιέναι
879 2235 948 2300 τῶν
975 2237 1144 2319 πολεμίων

129 2346 187 2430 βίηι
214 2339 425 2428 τολμώντων,
453 2339 646 2429 ἐκράτησαν.
682 2339 785 2428 ταύτη
813 2344 1021 2427 παραβαλεῖν
1048 2335 1174 2418 άξιονϊ

76 2475 111 2523 30
128 2448 168 2535 τῇ
195 2452 371 2536 πολιορκίη
399 2442 461 2532 τὴν
488 2450 628 2531 ἔναγχος
655 2447 701 2536 τῶ
728 2446 813 2514 τέλει
839 2447 898 2532 της
925 2443 1041 2533 τύχης,
1074 2442 1145 2511 ἐπεὶ

130 2566 200 2632 τοϊς
218 2579 255 2636 γε
274 2557 384 2640 ἔργοις
407 2547 547 2642 οόδεμιᾷ
573 2553 641 2619 τῶν
660 2548 737 2619 όσαι
763 2550 865 2619 πάλαι
892 2550 1059 2635 γεγόνασι.
1095 2553 1146 2629 τίς

131 2655 195 2746 γάρ
223 2662 309 2742 έγνω
342 2659 575 2745 κυκλουμένην
602 2657 663 2744 μὲν
690 2654 791 2725 ύδασι
824 2653 915 2743 [τὴν]
943 2655 1056 2740 πόλιν,
1089 2652 1146 2722 λό-

132 2790 209 2849 φοις
236 2763 274 2831 δέ
302 2764 428 2843 ἔξωθεν
446 2763 598 2853 καθάπερ
625 2762 772 2843 δικτύοις
799 2768 1068 2852 περιβληδεῖσαν,
1088 2760 1146 2827 καὶ

201 2955 217 3001 3
236 2955 264 3000 et
280 2953 297 3000 4
315 2946 440 3016 μεοηνης
460 2951 516 3001 VM
584 2947 760 3015 ὅκαρτερῶς
778 2946 846 3014 VM]
865 2944 1004 3014 κρατερῶς
1019 2943 1024 3010 Ι
1039 2957 1147 3011 συρρα-

132 3013 244 3069 κούσιοι
262 3018 330 3068 VM.
361 3009 536 3083 Συρακόσιοι
555 3017 679 3068 Iulianus
696 3018 805 3067 videtur
823 3017 968 3082 εοείρείεεο
1028 3014 1060 3064 10
1072 3018 1101 3063 et
1114 3014 1147 3063 11

133 3079 306 3150 βουλόμενος
330 3086 365 3148 V,
392 3086 511 3136 fortasse
534 3089 620 3147 reete,
647 3085 725 3136 modo
749 3089 832 3135 antea
858 3076 933 3136 άλλά
955 3099 1004 3148 pro
1030 3071 1095 3133 ἄλλ’
1120 3077 1149 3132 εί

133 3154 280 3204 scribatur.
316 3152 426 3203 Similes
449 3152 673 3204 locisunt19G
699 3158 727 3203 et
750 3154 835 3204 20οΒ
906 3154 938 3202 14
960 3144 989 3209 ές
1006 3148 1082 3213 VII]
1105 3145 1148 3207 είς

135 3222 167 3270 16
191 3215 363 3285 χειμάρρους
385 3217 484 3285 Wytt]
506 3215 662 3286 χειμάρρου
685 3218 857 3286 (χείμαρρον
879 3219 931 3280 Μ).
966 3208 1149 3283 Χειμάρρονς

135 3288 250 3352 scripsi,
273 3293 304 3336 ut
324 3288 417 3337 hiatus
440 3286 554 3338 tollatur
640 3289 672 3338 18
694 3287 746 3340 καί
766 3301 824 3340 τισι
843 3284 919 3354 VM]
944 3283 995 3338 καλ
1012 3288 1082 3344 τοῖς.
1110 3284 1148 3340 οἱ.

133 3355 200 3407 40A
219 3353 223 3417 Ι
244 3347 425 3420 φραξάμενοι
442 3352 477 3420 V]
496 3345 688 3419 φραττόμενοι
741 3357 772 3406 18
784 3360 812 3405 ολ
825 3358 856 3406 19
874 3356 1008 3416 πολυπρα
1026 3350 1151 3419 μονούν·

134 3439 181 3482 τες
199 3421 266 3473 Rsk.
336 3425 368 3472 22
391 3414 517 3486 ούδειιιά
535 3420 601 3476 Rsk.
622 3426 649 3472 et
666 3421 705 3491 H]
730 3414 800 3474 ούδδ
840 3419 871 3473 ιά
888 3424 930 3485 Μ,
954 3369 1025 3474 ούδδ
1043 3419 1096 3486 μία
1113 3421 1150 3487 V,

135 3485 261 3559 ούδεμία
277 3505 309 3554 v,
334 3480 404 3542 ούδὲ
423 3489 474 3563 βίᾳ
491 3473 518 3541 δ.
583 3492 616 3542 23
635 3485 706 3556 ἔγνω
724 3488 792 3556 VM]
812 3439 917 3556 ἔγνωκε
938 3488 943 3556 Ι
969 3485 1151 3555 κεκυκλωμέ-

135 3575 190 3624 νην
208 3560 269 3612 Pet.
289 3560 318 3610 in
337 3559 379 3611 ed.
398 3559 425 3610 fl.
441 3559 446 3625 ]
461 3553 514 3625 την
533 3557 599 3610 Rsk.
619 3557 765 3610 delendum
784 3574 845 3611 esre
865 3563 962 3609 censet
