2392 3960
437 164 638 216 εειευοτεε
657 164 698 221 τε.
716 167 757 218 ιο.
1038 163 1102 228 569

85 301 145 368 καὶ
172 305 346 386 λοιδορίαν
374 297 455 369 αὐτὸ
479 302 535 369 καὶ
557 303 774 388 βλασφημίαν
796 303 959 388 νομίζειν,
990 297 1041 368 ὅτι
1064 314 1146 387 μεΙ)

85 421 160 486 τοῖς
191 410 333 475 σεαυτοῦ
365 413 477 493 φίλοις
507 403 737 495 ὑπελάμβανες
768 404 854 475 εἶναι
885 406 1150 494 προσόμοιον,ιιι

86 505 139 580 ῶν
162 514 302 604 ἑκατέρῳ
327 514 474 593 δέδωκας
496 512 636 583 σεαυτὸν
658 513 818 603 ἄκλητον,
845 513 1034 602 μᾶλλονδὲ
1056 518 1102 607 τῷ
1166 568 1168 573 ,

86 619 152 707 μὲν
173 618 327 705 ἄκλητον,
349 622 395 710 τῳ
418 623 578 712 προτέρῳ,
600 623 645 711 τῷ
665 621 810 710 δευτέρῳ
824 620 866 688 δὲ
883 621 1103 711 ένδειξαμένῳ

51 725 206 813 εμόυον,
229 725 280 795 ὅτι
299 745 336 792 σε
355 726 520 814 συνεργὸν
539 729 648 795 ἐθέλει
666 732 879 816 προσλαβεῖν,
898 724 1104 813 ὑπήκουσας.

85 828 161 899 ἀλλ’
201 838 231 900 εί
270 833 332 918 μέν
368 832 432 919 ἐγῶ
468 831 674 921 προσόμοιος
710 837 777 920 είμι
813 831 1012 901 Κῶνσταντι
1046 834 1102 901 καὶ

85 944 306 1029 Μαγυεντίῳ,
328 939 366 1008 τὸ
391 943 525 1028 πρᾶγμα
548 936 646 1025 αὑτό,
669 944 764 1026 φασί,
787 939 903 1019 δείξει·
926 938 971 1007 σὺ
994 936 1025 1006 δ’
1052 936 1103 1007 ὅτι

86 1043 170 1112 κατὰ
193 1045 253 1113 τὸν
276 1045 436 1134 Κωμικὸν
1025 1124 1028 1129 ,

178 1152 317 1240 Σαντὴν
340 1155 485 1232 ἐπαινεῖς
507 1151 617 1240 ῶσπερ
637 1151 858 1241 Ἀστυδάμας,
881 1152 994 1240 γύναι,

38 1285 70 1324 10
86 1258 261 1346 πρόδηλόν
283 1263 374 1328 ἐστιν
397 1262 430 1342 ἐξ
453 1252 502 1328 ῶν
525 1261 720 1339 ἐπέστειλας.
743 1257 763 1347 ἡ
787 1258 852 1349 γὰρ
873 1258 1024 1349 άῳοβία
1046 1260 1157 1328 καὶ444

86 1365 125 1433 τὸ
150 1367 246 1451 μέγα
268 1365 420 1452 θάρσος
445 1365 561 1434 καὶτὸ
585 1374 670 1434 είθε
685 1391 738 1453 -με
760 1372 900 1455 γνοίης
923 1365 1021 1446 ὅσος
1037 1366 1103 1435 καὶ

89 1465 174 1550 οἷός
198 1477 290 1558 είμι,
316 1473 372 1540 καὶ
395 1471 503 1540 πάντα
526 1468 636 1552 ἁπλῶς
657 1471 699 1539 τὰ
720 1476 875 1560 τοιαῦτα,
903 1478 1021 1560 βαβαί,
1043 1496 1102 1559 πη-

87 1584 185 1646 λίκου
216 1578 344 1647 κτύπου
370 1579 426 1646 καὶ
452 1577 584 1666 κόμπου
610 1577 769 1667 βημάτων
796 1581 896 1648 ἐστίν.
941 1577 1103 1648 ἀλλὰκαὶ

87 1685 174 1773 πρὸς
199 1688 267 1753 τῶν
294 1692 450 1773 Χαρίτων
476 1685 532 1753 καὶ
558 1688 617 1772 τῆς
636 1684 849 1774 Ἀφροδίτης,
881 1690 913 1754 εί
937 1688 1104 1776 τολμηρὸς

43 1787 213 1879 ιτμοὺτωσὶ
244 1793 299 1860 καὶ
327 1805 496 1877 γενναῖος,
532 1796 567 1858 τί
592 1791 648 1858 καὶ
675 1797 789 1878 τρίτον
815 1788 1027 1880 ηὐλαβήθης,
1059 1789 1103 1862 ἂν

89 1899 166 1984 δέη,
198 1897 435 1985 προσκρούειν;
473 1902 509 1965 οί
532 1895 597 1984 γὰρ
619 1909 690 1977 τοῖς
710 1900 892 1984 κρατοῦσιν
915 1897 1103 1987 ἀπεχθανό-

88 2029 196 2091 μενοι,
215 2002 251 2071 τὸ
271 2002 332 2091 μὲν
351 2001 563 2090 κουφότατον
579 2010 646 2088 καί,
665 2000 710 2083 ῶς
727 1998 772 2071 άυ
784 2012 872 2072 είποι
884 2031 945 2090 τις,
963 2002 1103 2092 ἥδιστον

87 2113 134 2201 τῳ
158 2135 195 2195 γε
218 2113 304 2177 νοῦν
326 2114 446 2196 ἔχοντι,
468 2112 530 2177 τοῦ
551 2107 727 2198 πράγματα
751 2115 838 2196 ἔχειν
860 2112 984 2197 ταχέως
1001 2109 1102 2180 άπαλ-
1182 2112 1187 2120 ’

87 2208 282 2300 λάττονται,
305 2215 407 2305 μικρὰ
430 2215 467 2283 δὲ
491 2219 522 2283 εί
542 2213 605 2302 χρὴ
628 2219 942 2304 προσζημιοιθῆναι,
964 2218 1039 2306 περὶ
1061 2217 1103 2286 τδι

44 2356 73 2398 20
87 2321 239 2410 χρήματα
271 2327 440 2390 πταίουσι·
476 2320 514 2390 τὸ
543 2320 581 2389 δὲ
606 2320 790 2408 κεφάλαιόν
817 2323 886 2403 ἐστι
916 2326 975 2410 τῆς
1001 2321 1103 2412 ὀργῆς
1149 2398 1152 2403 ,

87 2429 145 2496 καὶ
167 2429 204 2497 τὸ
228 2417 369 2515 παθεῖν,
397 2434 497 2517 φασί,
518 2427 559 2498 τδι
582 2425 763 2517 ἀνήκεστα,
784 2429 823 2499 τὸ
847 2432 906 2517 ζῆν
928 2431 1103 2519 προέσθαι.

87 2535 219 2603 τούτων
250 2535 292 2623 δὴ
320 2535 457 2605 πάντων
483 2533 675 2624 ὑπερορῶν,
711 2533 762 2603 ὅτι
788 2536 845 2603 καὶ
867 2534 928 2606 τδν
951 2541 1103 2617 ίδίῳς...

88 2643 294 2728 έπέγνωκας·
330 2643 385 2710 καὶ
416 2640 478 2710 τὸν
507 2644 630 2720 κοινῶς
660 2640 717 2708 καὶ
747 2644 887 2728 γενικῶς
916 2640 1102 2727 ἄνθρωπον

162 2853 174 2899 1
194 2848 316 2915 νομίζων
335 2866 352 2899 v
415 2851 430 2898 2
449 2846 556 2900 σαυτοῦ
574 2850 611 2914 Α,
632 2838 737 2899 ἑαυτοῦ
756 2847 809 2899 Pbi
824 2849 829 2912 1
843 2839 1045 2916 ὑπελάμβανες
1064 2847 1099 2918 Δ]

88 2911 233 2983 ὑπέλαβες
286 2922 301 2970 3
320 2912 451 2976 δέδωκας
469 2911 592 2967 σεαυτὸν
611 2905 736 2979 ἄκλητον
754 2911 792 2993 ρῳ
813 2911 939 2984 δευτέρῳ
957 2917 1057 2972 Suidas
1075 2935 1103 2970 v.

89 2976 216 3050 ἄκλητον
285 2987 382 3037 3et4
407 2983 446 3036 τῶ
464 2978 517 3049 μλν
536 2982 603 3035 Rsk.
623 2988 652 3033 ot
670 2980 708 3050 H]
732 2999 784 3035 τον
802 2977 854 3049 μὲν
922 2979 1102 3051 8Κωμικόν]

88 3054 285 3105 Philemonem.
321 3053 383 3105 vid.
402 3038 497 3102 Photii
513 3052 581 3102 Lex.
598 3066 624 3117 p.
642 3053 693 3103 τοι
762 3053 792 3101 11
811 3043 923 3117 οσριος
940 3052 973 3117 A]
991 3050 1103 3117 στάσις

92 3120 185 3190 Ιείθε
203 3137 238 3187 με
257 3118 356 3187 γνοίης
373 3109 440 3179 ὅσος
457 3116 508 3171 καὶ
531 3119 564 3178 A]
595 3108 658 3171 εἴθ’
677 3109 726 3184 ἐμὲ
744 3115 845 3185 γνοίης
908 3123 946 3199 ,13
969 3113 1047 3173 ἐστίν
1064 3120 1101 3188 Δ]
1184 3166 1191 3175 .

91 3186 169 3242 εἰσίν
243 3195 274 3239 14
293 3195 322 3240 ει
341 3190 372 3238 15
402 3183 430 3240 εἰ
447 3181 588 3254 τολμηρὸς
607 3178 706 3240 οὑτοσί
729 3186 754 3236 Δ
791 3186 864 3238 unde
882 3185 986 3239 οντωσλ
1005 3189 1103 3242 Fabri-

90 3256 177 3320 cius),
209 3252 236 3308 εί
257 3253 306 3307 καλ
331 3248 471 3324 τολμηρὸς
489 3244 564 3309 οὑτω
586 3269 612 3310 v.
647 3252 742 3304 Malim
765 3269 778 3306 ε
809 3248 949 3321 τολμηρὸς
967 3243 1057 3317 οὑτως
1076 3250 1106 3310 εἶ

89 3328 123 3377 15
135 3325 225 3375 Verba
242 3323 273 3376 τί
288 3320 338 3375 καλ
356 3323 453 3388 τρίτον
471 3333 559 3387 usque
571 3322 605 3374 εδ
616 3316 787 3400 πολέμου).
800 3321 893 3386 570,10
909 3323 1103 3391 δοειιιιῖνιιῖςο

88 3384 265 3459 ηὖλαβήθης
282 3388 380 3458 Hrch.]
404 3383 574 3469 εὑλαβήβης
644 3391 675 3441 18
697 3405 854 3457 πραγματα
872 3386 911 3456 Η]
935 3382 1102 3458 πράγματος

88 3465 121 3511 21
145 3460 198 3511 καί
213 3468 390 3525 transponam
407 3465 471 3511 ante
494 3477 527 3512 το
546 3457 597 3526 ζῆν
682 3459 715 3509 22
746 3459 801 3522 „ln
819 3459 843 3508 Δ
860 3459 979 3523 spatium
997 3466 1038 3512 est
1055 3474 1112 3526 εοιιΙ

87 3529 232 3580 literarum
251 3527 367 3594 capax.“
385 3527 470 3581 Hreh.
798 3552 800 3557 ⁸
952 3541 956 3548 ·
