2392 3960
503 171 639 223 οιιινιο
657 172 694 226 ιι.
1047 172 1108 237 109

89 294 143 367 ἀεὶ
171 296 209 367 δέ
235 300 370 385 ἐνδεεῖς,
399 295 473 366 ούτι
500 301 567 367 των
586 294 779 386 ἀναγκαίων
802 301 888 388 φημὶ
916 305 1033 369 σιτίων
1050 303 1107 370 καὶ

88 406 204 474 ποτῶν
230 406 287 473 καλ
306 403 518 492 ἐσθημάτων·
548 402 686 494 ὥρισται
704 403 768 496 γάρ
788 401 806 475 ὁ
834 409 986 487 τοιοῦτος
1004 410 1106 476 πλού-

88 537 147 592 τος
174 501 213 579 εὖ
240 510 327 598 μάλα
354 509 444 601 παρά
470 513 529 599 της
548 511 692 599 φύσεως,
719 515 776 582 καλ
799 509 862 582 ούκ
889 519 980 582 ἔστιν
999 511 1107 583 αύτοῦ

89 619 271 706 στέρεσθαι
299 615 379 687 ούτε
405 613 485 698 τούς
513 615 656 708 ὄρνιθας
678 616 755 688 ούτε
782 617 861 701 τούς
889 619 1010 708 ίχθύας
1030 617 1108 690 ούτε

60 722 131 792 bv&
171 730 293 814 θηρία,
330 721 402 793 ἀλλ’
442 720 523 794 ούδδ
564 721 757 815 ἀνθρώπων
792 724 873 807 τοὺς
913 726 1106 816 σώφρονας·

89 827 193 910 ὅσους
221 829 258 898 δὲ
286 833 416 918 ἐνοχλεῖ
435 831 613 919 χρημάτων
641 834 802 919 ἐπιθυμίά
829 833 885 900 καὶ
913 838 996 921 ἐρως
1024 839 1147 901 δυσ-Β

86 937 205 1024 τύχης,
245 937 386 1018 τούτους
423 937 461 1005 δὲ
502 934 630 1026 ἀνάγκη
672 940 791 1026 πεινῆν
834 937 890 1006 διά
931 944 1010 1025 βίου
1051 940 1107 1007 καὶ

87 1040 298 1133 ἀθλιώτερον
335 1040 553 1112 ἀπαλλάττειν
589 1047 704 1137 μακρῷ
736 1048 805 1112 τῶν
841 1048 899 1132 τῆς
935 1046 1106 1134 ἐφημέρου

81 1152 218 1239 ’τροφῆς
254 1151 471 1237 ἐνδεομένων.
520 1150 652 1232 τούτοις
687 1151 748 1239 μέν
789 1148 853 1239 γάρ
895 1147 1108 1238 άποπλήσασι

46 1276 75 1316 1⁰
87 1255 152 1343 την
180 1257 323 1346 γαστέρα
350 1255 454 1345 πολλὴ
483 1259 622 1344 γέγονεν
649 1257 765 1347 είρηνη
793 1259 849 1326 καλ
877 1254 1030 1345 άνοκωχη
1048 1261 1108 1345 τῆς

80 1358 290 1449 ἀλγηδόνος,
318 1365 458 1444 ἐκείνοις
485 1363 523 1432 δὲ
551 1361 628 1432 ούτε
655 1360 760 1454 ἡμέρα
787 1366 937 1452 πέφηνεν
965 1360 1107 1455 ἀκερδης

87 1463 196 1555 ἡδεῖα,
225 1466 302 1537 ούτε
329 1466 479 1559 εύφρόνη
508 1467 568 1539 τὸν
595 1473 755 1558 λυσιμελῆ
782 1471 838 1538 καὶ
866 1471 1107 1559 λυσιμέριμνον

88 1571 199 1643 ὕπνον
240 1574 411 1662 ἐπάγουσα
451 1579 584 1645 παῦλαν
625 1579 798 1663 ἐνεποίησε
839 1579 897 1664 τῆς
937 1578 1107 1664 ἐμμανοῦς

88 1680 222 1768 λύττης,
255 1690 391 1772 στροβεῖ
419 1682 457 1752 δὲ
494 1679 607 1751 αύτῶυ
636 1684 694 1773 καί
728 1685 862 1771 στρέφει
897 1680 960 1770 τὴν
992 1680 1146 1770 ψυχὴνῦ

50 1806 77 1847 1⁵
90 1788 350 1875 ἐκλογιζομένων
376 1790 433 1857 καὶ
456 1785 765 1879 ἀπαριθμουμένων
791 1788 832 1858 τά
860 1788 1022 1878 χρήματα·
1050 1791 1106 1857 καὶ

89 1890 153 1962 ούκ
185 1895 360 1983 ἐξαιρεῖται
391 1893 471 1976 τοὺς
503 1892 630 1984 ἀνδρας
660 1899 718 1983 τῆς
751 1898 932 1983 ἐπιθυμίας
963 1896 1020 1964 καὶ
1047 1897 1106 1984 τῆς

88 1996 140 2068 ἐπ’
180 1996 264 2089 αὐτῇ
306 2007 482 2091 λοιδορίας
514 1998 594 2070 ούδδ
631 1997 648 2070 δ
690 2001 863 2071 Ταντάλου
900 2003 955 2071 καὶ
988 2005 1106 2069 Μίδου

87 2107 233 2187 πλοῦτος
264 2108 518 2195 περιγενόμενος
550 2104 631 2176 ούδδ
658 2103 678 2194 ἡ
711 2114 848 2197 μεγίστη
876 2109 932 2176 καὶ
959 2115 1106 2194 χαλεπω-

87 2211 169 2300 τάτη
203 2213 376 2301 δαιμόνων
407 2216 566 2304 τυραννίς
598 2215 857 2304 προσγενομένη.
897 2209 918 2301 ἢ
946 2210 1010 2302 γάρ
1044 2210 1107 2283 ούκ

47 2339 74 2379 ιι
89 2314 253 2406 ἀκηκόατε
280 2329 429 2409 Δαρεῖον
460 2317 521 2389 τὸν
548 2324 691 2410 Περσων
722 2319 894 2409 μονάρχην
921 2319 1106 2408 μισθωτόν,

89 2421 133 2493 ού
172 2425 363 2495 παντάπασι
402 2425 578 2515 μοχθηρόν
619 2425 818 2517 άνθρωπον,
860 2427 1032 2515 δυσέρωτα
1068 2424 1107 2493 δὲ

88 2535 236 2620 αἰσχρῶς
272 2538 319 2613 είς
354 2533 503 2622 χρήματα
539 2535 595 2602 καὶ
632 2536 761 2623 νεκρῶν
799 2532 919 2622 θήκας,
946 2527 1012 2602 ὑπὸ
1048 2533 1107 2619 τῆς

89 2639 271 2725 ἐπιθυμίας
303 2639 490 2729 διορύττειν
522 2636 792 2727 άναπειθόμενον
828 2641 885 2709 καὶ
915 2647 1106 2719 πολυτελεῖς

90 2743 273 2813 ἐπιτάττειν
302 2746 445 2835 φόρονς;
474 2744 557 2815 όθεν
585 2743 675 2839 αύτῷ
694 2745 731 2814 τὸ
755 2745 888 2815 κλεινὸν
916 2743 1024 2832 όνομα
1052 2746 1148 2830 γέ-Ι)

158 2928 302 3016 4ίγθφας
319 2934 353 2984 V.
389 2933 570 2985 scribendum
588 2929 689 3001 ἰχθύς,
709 2935 746 2984 es.
765 2934 833 2986 59A
860 2932 865 3000 1
892 2923 959 2986 τότε
976 2931 1013 2999 Η]
1033 2922 1105 2984 ott}

91 3003 177 3051 tots
196 3017 362 3080 αγαγκη-
329 2994 576 3054 -άπαλλάττειν
599 3005 646 3054 cit.
666 3002 790 3053 Philemo
814 3018 926 3068 gramm.
945 3017 988 3084 p.
990 3002 1039 3051 261
1058 3001 1104 3051 Os.

90 3059 306 3120 8άπαλάττειν
322 3072 347 3122 V
415 3062 629 3136 θένδεομένων
646 3066 684 3137 H]
704 3066 850 3134 δεομένων
921 3072 953 3120 10
971 3061 1105 3146 άνοκωχὴ

90 3131 174 3202 Η]’
156 3152 301 3218 ανακωγη.
332 3139 369 3191 cf.
386 3138 420 3188 ad
443 3140 512 3190 391)
583 3141 614 3188 11
641 3137 749 3197 κείνοις
771 3138 797 3189 V
865 3140 897 3189 12
926 3134 1058 3202 λυσιτελῆ
1081 3137 1107 3188 V

92 3206 125 3254 14
143 3202 257 3286 λύττης
263 3202 341 3271 But]
366 3202 457 3272 λύπης
528 3208 559 3258 17
582 3204 740 3272 λοιδορίας]
764 3205 959 3269 ταλαιπωρίας
977 3205 1003 3254 Η
1073 3204 1106 3254 18

91 3263 160 3323 ούδε
172 3261 257 3339 Η]’
224 3288 290 3324 ουτε
344 3276 447 3326 180t19
459 3273 621 3340 μεγίστη·
588 3270 777 3340 -τυραννίς]
787 3274 919 3339 Spectant
929 3273 1001 3323 haec
1010 3271 1104 3337 Eurip

91 3339 195 3392 Phoen
213 3342 272 3392 509.
303 3341 338 3392 ef.
357 3344 423 3396 Eur.
443 3344 478 3393 fr.
497 3345 546 3394 252
564 3342 708 3393 Plutarch
726 3357 792 3395 mor.
809 3340 896 3393 479A
917 3342 1004 3392 481Α
1072 3342 1106 3390 20

91 3396 236 3489 ηκηκόφτε
253 3408 302 3474 Vl
329 3401 381 3461 τόν
397 3408 486 3489 VM]
488 3407 544 3461 τῶν
544 3407 569 3490 Ι
596 3403 687 3476 μονάρ
672 3425 742 3491 ρηου
759 3409 793 3459 V
830 3408 1010 3459 scribendum
1027 3407 1106 3457 vide·

92 3479 137 3525 tur
177 3470 301 3556 όναρχφν
326 3476 331 3542 Ι
357 3466 558 3545 μισθωτόν]
531 3497 556 3558 η
575 3478 723 3544 μισθωτον
746 3477 813 3530 Rsk.
881 3479 913 3526 21
937 3466 1104 3526 παντάπασι

92 3493 362 3608 ῩΜΓπανταπασιν
379 3545 383 3612 Ι
406 3538 558 3614 μοχθηρόν
577 3545 638 3602 add
656 3546 715 3597 VM
