2392 3960
136 133 179 207 98
433 145 580 196 ιυιιεωτ
601 145 852 197 τωεεωεεοωιε

133 269 306 362 Ἰλλυριοῖς
341 270 519 359 ξύλλογον,
560 276 618 340 ἴνα
654 270 696 360 δή
732 270 920 360 πρεσβύτης
959 270 1046 362 ἀνήρ
1084 271 1151 343 ύπο

136 385 317 466 μειρακίων
344 376 482 447 παιδικά
510 391 651 468 φρονεῖν
669 375 936 466 ἀναπειθόμενος
963 375 1152 468 ὁμολογιῶν

136 484 381 554 ἐπελανθάνετο
413 485 470 553 καί
501 491 661 570 πίστεων,
693 485 749 552 καὶ
776 487 822 575 τῷ
850 484 911 574 μὲν
944 490 1069 576 σωτήρι
1095 489 1151 556 καί

136 588 292 681 εὐεργέτῃ
320 589 487 679 δυσμενής
513 581 568 678 ήν,
596 588 744 671 σπονδὸις
772 590 809 659 δέ
828 593 970 662 ἐποιεῖτο
998 591 1083 683 πρὸς
1111 590 1152 662 ὁν

134 689 178 785 ήν
206 695 376 780 ἀσπονδος
393 699 450 766 καὶ
478 694 663 786 ἀκήρυκτος
680 704 812 784 βασιλεῖ
827 697 979 786 πόλεμος,
1008 699 1174 787 στρατόνι

134 831 170 873 τε
197 802 308 892 ήγειρε
335 805 392 872 καὶ
419 805 472 872 ἐπὶ
490 818 560 885 τοῖς
587 799 693 894 ὁρίοις
711 800 841 891 ἀπήντα
863 808 921 892 τής
948 805 1069 894 χώρας,
1086 833 1150 875 κω-

91 913 235 979 Βλύσαι
262 913 324 979 τοῦ
350 909 465 999 πρόσω
485 924 605 999 χωρεῖν
634 912 817 997 ἐπιθυμῶν.
854 912 924 979 ἐπεὶ
952 910 989 980 δὲ
1017 914 1051 992 ἐς
1072 910 1151 980 ταύ-

42 1012 46 1021 ’
134 1015 195 1086 τὸν
222 1008 333 1104 ήλθον
361 1014 538 1105 ἀμφοτέρω
566 1013 612 1084 τῶ
641 1016 863 1104 στρατεύματε
890 1018 945 1086 καὶ
973 1020 1075 1107 ἐχρήν
1098 1020 1152 1087 ἐπὶ

134 1127 203 1191 τῶν
232 1118 376 1191 ὁπλιτῶν
394 1133 566 1191 ποιεῖσθαι
593 1119 655 1209 τήν
678 1124 866 1210 ἐκκλησίαν,
893 1123 984 1212 βήμά
1011 1151 1046 1193 τε
1064 1119 1151 1211 ύψη-

135 1227 197 1298 λὸν
210 1226 308 1318 ᾔρετο
322 1230 378 1296 καί
393 1225 475 1297 αὐτὸ
490 1229 662 1318 περιέσχεν
678 1224 822 1297 ὁπλιτῶν
837 1232 943 1317 δήμος
952 1231 1009 1300 καί
1019 1227 1150 1300 άκοντι-
1164 1257 1187 1295 ω

136 1339 225 1403 στῶν
239 1336 294 1403 καὶ
308 1336 454 1415 τοξοτῶν
470 1340 579 1416 ἰππεῖς
591 1361 626 1402 τε
641 1335 922 1423 ἐνσκευασάμενοι
940 1335 1020 1418 τούς
1029 1340 1152 1419 ἵππους

134 1439 249 1511 καὶτὰ
268 1456 386 1528 σημεῖα
405 1443 473 1509 τῶν
491 1440 628 1522 τάξεων·
656 1438 752 1531 ἀνήει
770 1468 804 1511 τε
823 1439 873 1510 ἐπ’
895 1440 977 1512 αὐτὸ
996 1441 1153 1529 βασιλεύς

135 1546 216 1636 μετά
243 1550 305 1616 τοῦ
331 1549 413 1628 τέως
436 1546 660 1637 ξυνάρχοντος
683 1545 760 1618 ούτε
787 1547 910 1637 αἰχμήν
938 1551 1051 1638 φέρων
1073 1547 1153 1618 οὔτε

85 1673 119 1722 τ’(
139 1651 266 1723 ἀσπίδα
297 1656 353 1723 καί
381 1654 518 1743 κράνος,
551 1650 634 1722 ἀλλά
661 1657 788 1742 ἐσθήτα
814 1653 876 1744 τήν
904 1655 1049 1743 συνήθη.
1095 1656 1152 1724 καὶ

136 1758 217 1830 οὐδὲ
244 1757 334 1852 αύτῷ
361 1787 411 1841 τις
437 1763 506 1828 τῶν
533 1760 738 1850 δορυφόρων
757 1764 876 1848 εἵπετο,
904 1762 1008 1849 μόνος
1035 1760 1072 1830 δὲ
1095 1763 1149 1830 ἐπὶ
1176 1790 1186 1821 .·-

135 1871 196 1936 τού
234 1866 379 1954 βήματος
416 1866 564 1955 εἱστήκει
599 1865 769 1948 πεποιθῶς
808 1871 854 1958 τῶ
892 1868 981 1958 λόγω
1023 1871 1153 1955 σεμνῶς

134 1968 344 2065 ήρμοσμένμ.
390 1973 529 2062 ἐργάτης
561 1973 625 2062 γάρ
658 1976 728 2042 ἐστι
760 1974 816 2043 καὶ
848 1974 978 2043 τούτων
1011 1971 1152 2060 ἀγαθός,

136 2077 198 2149 οὐκ
226 2077 461 2167 ἀποσμιλεύων
495 2077 575 2148 οὐδὲ
604 2077 814 2167 ἀπονυχίζων
845 2079 885 2147 τδι
914 2079 1043 2169 ῥήματα
1070 2077 1153 2150 ούδέ

136 2183 373 2276 ἀποτορυεύων
404 2184 462 2268 τδις
489 2186 667 2276 περιόδους
698 2184 851 2275 καθάπερ
880 2191 916 2256 οἰ
940 2188 1063 2274 κομψοὶ
1092 2186 1151 2275 ῥή-

134 2319 238 2382 τορες,
266 2290 389 2380 σεμνὸς
416 2292 453 2361 δέ
480 2290 547 2380 ἀμα
566 2294 621 2360 καί
648 2291 799 2382 καθαρὸς
826 2295 882 2360 καὶ
909 2308 980 2375 τοῖς
1007 2289 1170 2380 ὀνόμασι.

136 2397 197 2480 ξὺν
230 2402 334 2491 καιρῷ
367 2399 550 2487 χρῶμενος,
583 2395 666 2467 ῶστε
704 2398 885 2467 ἐνδύεσθαι
921 2413 994 2480 ταῖς
1029 2413 1154 2488 ψυχαῖς

95 2517 118 2572 Β
137 2503 179 2573 ού
197 2508 266 2573 τῶν
284 2509 436 2585 παιδείας
458 2506 513 2574 καὶ
533 2506 695 2591 ξυνέσεως
721 2507 1015 2593 μεταποιουμένων
1032 2505 1152 2593 μόνον,

136 2608 208 2680 ἀλλ’
247 2609 312 2698 ήδη
349 2611 406 2678 καὶ
441 2615 510 2679 τῶν
548 2614 692 2680 ἰδιωτῶν
729 2612 878 2692 ξυνιέναι
914 2612 1059 2693 πολλοὺς
1095 2613 1153 2681 καί

136 2719 264 2786 ἐπαΐειν
295 2720 364 2785 τῶν
392 2716 558 2806 ῥημάτων.
605 2715 732 2787 οὐκοῦν
759 2714 832 2806 ᾔρει
864 2718 1030 2807 μυριάδας
1057 2713 1152 2787 ὁπλι·

135 2827 204 2892 τῶν
236 2822 362 2911 συχνὰς
394 2826 450 2893 καί
482 2823 632 2913 χιλιάδας
666 2825 793 2894 ἱππέων
830 2833 936 2894 εἰκοσι
972 2825 1028 2892 καὶ
1066 2830 1152 2913 ἔθνη
1165 2848 1184 2889 ιι

138 2930 206 3017 [τά]
236 2930 449 3018 μαχιμῶτατα
467 2932 523 3000 καί
542 2931 655 3020 χῶραν
673 2930 865 3020 πάμφορον,
893 2928 935 2999 ού
958 2937 1017 3021 βίηι
1045 2933 1153 3000 ἕλκων

137 3034 217 3106 οὐδὲ
250 3036 477 3125 αἰχμαλώτους
505 3035 613 3125 ἀγων,
646 3037 783 3120 ἑκόντας
810 3038 848 3106 δὲ
875 3035 967 3129 αύτῷ
994 3039 1153 3126 πειθομέ-

204 3253 326 3321 νων]
350 3250 384 3307 ιε
411 3254 416 3320 ι
443 3254 495 3323 τῆς
517 3253 588 3323 vM]
613 3259 675 3316 τως
701 3254 706 3322 ι
732 3251 856 3307 mmm
874 3256 900 3307 v
967 3242 1154 3321 εῆιεειτ,

135 3323 254 3374 fortasse
273 3329 349 3373 reete
420 3326 451 3403 1‘2
470 3323 513 3390 τε]
533 3319 567 3376 δὲ
588 3327 626 3388 V;
646 3327 712 3376 fort.
730 3317 769 3402 δή
788 3323 793 3391 Ι
812 3317 903 3376 αὐτόν
920 3327 945 3376 V
998 3316 1154 3402 13,ξννάρ-

136 3407 236 3457 χοντος
263 3388 332 3458 VM]
363 3405 556 3472 συναρχοντος
634 3395 665 3445 15
692 3387 787 3444 αύτων
815 3399 888 3443 eant.
970 3394 1002 3442 18
1028 3404 1154 3460 αποσμι-

136 3452 212 3511 λύων
235 3461 259 3511 V
340 3462 371 3510 21
400 3453 559 3512 ἐσδνεσθαι
580 3461 606 3512 V
685 3462 719 3512 23
745 3459 802 3511 τῶν
829 3457 953 3512 ἰδιωτῶν
978 3459 1039 3510 VM
1066 3456 1154 3526 σουλ]

137 3524 261 3579 ἰδιωτῶν
330 3529 363 3578 26
380 3521 417 3578 τά
436 3544 486 3579 om.
503 3529 529 3578 V
