2392 3960
106 57 169 121 200
408 53 551 106 IULIANI
573 52 821 105 IMPERATORIS

107 184 158 256 ὅτι
185 185 246 273 μὲν
264 181 366 271 ’Ἇρης
385 179 508 264 ’Ἀζιζος
540 180 718 268 λεγόμενος
745 177 810 250 ὑπὸ
839 183 907 249 τῶν
935 180 1123 253 οἰκούντων

71 291 167 380 Βτήν
199 289 366 359 Ἔδεσσαν
406 287 532 376 Σύρων
568 282 683 356 Ἡλίου
724 286 967 377 προπομπεύει,
1003 294 1123 380 καίπερ

108 396 204 478 εἰδὼς
236 397 291 465 καὶ
323 391 491 484 προειπὼν
524 390 668 481 ἀφήσειν
700 422 756 482 μοι
789 397 887 462 δοκῶ.
936 396 997 463 τοῦ
1025 394 1124 486 χάριν

108 505 145 573 δὲ
178 499 195 573 6
229 503 329 582 λύκος
352 499 444 591 ”Apa
475 502 616 629 μᾶλλον,
649 496 723 628 ρύχὶ
756 499 793 569 δὲ
821 495 921 593 Ἡλίῳ
949 501 1123 590 προσήκεις

107 615 214 679 καίτοι
242 607 433 695 λυκάβαντά
466 626 571 694 φασιν
598 603 662 675 άπὸ
695 610 756 675 τού
789 606 893 675 λύκου
921 604 981 675 τὸν
1009 607 1122 677 ἑνιαύ-
1136 630 1148 671 ι

107 737 183 785 σιον
210 715 346 805 χρόνον
376 711 528 802 ὀνομάζει
557 711 594 781 δε
622 709 726 781 αύτόν
754 709 816 800 ούχ
838 709 989 841 Ὅμηρρς
1016 714 1125 803 μόνον

107 821 188 892 ούὸε
221 826 256 890 ολ
289 820 451 955 γνώριμοι
487 821 556 887 τῶν
589 814 757 908 Ελλήνων
792 821 892 888 τούτο
929 846 966 888 τ(
1004 817 1124 910 ὄνομα,

106 930 190 1019 πρὸς
218 927 255 996 δὲ
282 929 338 996 καὶ
367 923 384 994 ὁ
412 925 505 1006 θεός·
533 924 685 994 ὃιανύων
712 925 775 1015 γάρ
804 946 909 1013 φησιν

184 1032 361 1124 Ὀρχηθμῷ
390 1030 582 1118 λυκάβαντα
610 1031 853 1121 δυωδεκάμηνα
880 1033 1033 1101 κέλευθα.

72 1140 222 1228 Οβούλει
250 1131 313 1207 οὗν
341 1144 388 1206 ἔτι
407 1157 461 1207 σοι
481 1137 632 1225 [τούτου]
654 1137 772 1228 φράσω
800 1146 911 1226 μεῖζον
934 1138 1123 1229 τεκμήριον,
1138 1161 1161 1201 10

49 1266 54 1281 ’
109 1244 159 1316 ὅτι
187 1244 252 1334 άρα
281 1242 375 1333 ὃτής
401 1243 526 1324 πόλεως
553 1240 648 1331 ήμῶν
668 1241 813 1332 οἰκιστής
838 1242 899 1333 οὐχ
918 1241 975 1314 ὑπ’
997 1243 1124 1337 ’Ἇρεως

107 1354 323 1441 κατεπέμφθη
361 1350 487 1438 μόνον,
519 1346 591 1418 ἀλλ’
631 1359 710 1431 λ’σως
747 1347 838 1442 αύτῷ
870 1354 928 1440 τῆς
964 1351 1027 1440 μὲν
1060 1356 1125 1423 τού

107 1444 259 1547 σώματος
277 1458 481 1543 κατασκευῆς
508 1455 748 1544 συνεπελάβετο
769 1461 900 1545 δαίμων
927 1454 1044 1549 άρήιος
1066 1461 1124 1528 καὶ

107 1580 271 1652 γενναῖος,
300 1560 317 1633 6
346 1562 522 1650 λεγόμενος
549 1565 762 1650 ἐπιφοιτήσαι
788 1566 829 1652 τή
847 1570 970 1655 Σιλβίᾳ
997 1564 1124 1656 λουτρά

107 1674 147 1761 τῇ
173 1674 243 1762 θεῷ
271 1669 436 1758 φερούση,
464 1666 501 1736 τὸ
531 1667 568 1736 δὲ
596 1666 676 1737 ὅλον
704 1671 737 1750 ἐξ
761 1665 876 1739 Ἡλίου
904 1674 1070 1760 κατῆλθεν
1098 1669 1161 1761 ήιι

107 1776 196 1866 ψυχή
214 1779 276 1846 τού
293 1779 380 1845 θεοῦ
398 1780 565 1863 Κυρίνου·
592 1777 746 1845 πειστέον
765 1774 828 1867 γάρ
848 1775 940 1866 οἶμαι
957 1781 998 1868 τή
1018 1776 1123 1869 φήμη.

64 1884 254 1964 Βούνοὸος
286 1880 425 1971 άκριβής
461 1884 528 1949 των
564 1879 626 1971 τήν
664 1885 796 1970 ἐμφαυή
828 1886 1124 1973 κατανειμαμένωυ

106 1997 280 2088 βασιλείαν
304 1985 420 2058 Ἡλίου
447 2015 481 2056 τε
508 1989 564 2056 καὶ
584 1989 734 2077 Σελήνης
762 1986 871 2080 ὥσπερ
900 1981 962 2059 οὖν
990 1996 1038 2072 εἰς
1059 1990 1124 2081 τήν

108 2099 171 2184 γήν
199 2096 394 2184 κατήγαγεν,
423 2091 510 2163 ούτω
538 2095 593 2163 καὶ
622 2092 790 2183 άνήγαγεν
816 2093 859 2183 ήν
883 2093 947 2165 άπὸ
974 2100 1034 2186 τῆς
1060 2102 1124 2186 γής

108 2205 254 2286 ἐδέξατο,
287 2201 324 2271 τὸ
356 2198 486 2290 θνητὸν
518 2197 713 2288 άφανίσασα
749 2203 830 2292 πυρὶ
861 2209 1028 2296 κεραυνίφ
1059 2207 1123 2275 τοῦ
1136 2225 1161 2266 20

108 2309 265 2397 σώματος,
322 2305 409 2377 οὕτω
445 2306 620 2395 προδήλως
656 2304 676 2397 ή
709 2312 777 2376 τῶν
812 2316 988 2398 περιγείων
1024 2317 1122 2400 δημι-

108 2413 230 2503 ουργὸς
262 2411 327 2483 ὑπὸ
361 2412 465 2482 αὐτὸν
497 2411 607 2502 άκρως
638 2417 800 2504 γενομένη
834 2413 893 2484 τὸν
924 2413 1021 2505 ήλιον
1049 2419 1121 2488 ἐδέ-

107 2524 183 2602 ξατο
213 2526 259 2601 εἰς
286 2523 349 2607 γήν
376 2518 588 2608 πεμπόμενον
616 2519 672 2589 διά
699 2525 757 2608 τῆς
782 2518 926 2610 Ἀθηνᾶς
952 2526 1011 2610 τῆς
1028 2531 1121 2615 Προ-

107 2634 201 2719 νοίας
227 2624 287 2695 τὸν
320 2634 486 2716 Κυρῖνον,
520 2623 744 2714 άνιπτάμενόν
775 2656 810 2696 τε
837 2620 938 2710 αὖθις
965 2626 1030 2698 άπὸ
1058 2633 1122 2721 γῆς

106 2736 159 2802 ἐπὶ
186 2732 246 2802 τὸν
264 2735 401 2820 βασιλέα
418 2737 486 2802 τῶν
515 2729 603 2801 ὅλων
622 2732 831 2822 ἐπανήγαγεν
858 2732 978 2804 αὐτίκα
992 2733 1121 2808 Ἥλιον.
1134 2754 1161 2798 2⁶

54 2846 158 2915 ιεεέτι
178 2861 231 2908 σοι
255 2839 368 2927 βούλει
387 2843 462 2928 περὶ
489 2841 557 2907 τῶν
585 2836 697 2908 αύτῶν
716 2841 835 2931 φράσω
863 2841 1039 2933 τεκμήριον
1056 2846 1122 2914 τοῦ

106 2946 206 3034 Νόμα
233 2949 294 3014 τού
327 2949 488 3033 βασιλέως
516 2952 630 3036 ἔργον;
662 2943 827 3034 άσβεστον
859 2950 893 3029 ἐξ
925 2945 1023 3038 ήλίου
1052 2978 1120 3039 φυ-

174 3147 311 3204 mem
330 3152 387 3206 Mb
412 3152 467 3207 vid.
485 3153 521 3203 ad
542 3152 624 3205 1500
677 3146 801 3205 ὀλύκου
819 3153 892 3234 Pei]
912 3152 986 3238 βεορ
1040 3154 1118 3238 Ἰοῖ]

106 3219 168 3272 οιὸε
174 3155 252 3270 2libri
309 3222 341 3271 10
359 3211 464 3272 τούτου
483 3236 533 3275 om
551 3220 615 3271 libri
676 3225 708 3272 11
726 3215 855 3286 οἰκιστὴς
873 3217 980 3289 iibri]
967 3241 983 3276 ο
1002 3221 1120 3294 κτιστής

107 3292 137 3339 13
157 3279 271 3355 άρεϊκὸς
289 3288 353 3338 libri
440 3279 513 3339 19“
494 3307 531 3354 ην
550 3289 609 3339 scil.
628 3282 728 3356 φυγὴν
744 3289 811 3340 ferri
829 3295 933 3374 potest,
956 3293 1005 3344 sod
1022 3294 1121 3348 maIIm

90 3373 139 3407 -ον
159 3373 220 3406 eum
239 3357 366 3407 Mamilio
447 3359 480 3408 23
497 3349 684 3434 πεμπόμενον
702 3356 773 3425 Pet]
792 3354 962 3425 πεμπομένη
1043 3364 1121 3416 wat

105 3427 137 3475 27
156 3423 207 3475 τοῦ
226 3418 314 3489 Νόμα
331 3421 370 3492 Η]
391 3415 517 3491 τούνομα
536 3425 609 3488 libri,
627 3421 679 3477 τοῦ
697 3425 804 3490 Νουμᾶ
823 3442 841 3477 v
