<?xml version="1.0" encoding="UTF-8"?>
<!DOCTYPE html PUBLIC "-//W3C//DTD XHTML 1.0 Transitional//EN"
    "http://www.w3.org/TR/xhtml1/DTD/xhtml1-transitional.dtd">
<html xmlns="http://www.w3.org/1999/xhtml" xml:lang="en" lang="en">
 <head>
  <title>
</title>
<meta http-equiv="Content-Type" content="text/html;charset=utf-8" />
  <meta name='ocr-system' content='tesseract 3.04.00' />
  <meta name='ocr-capabilities' content='ocr_page ocr_carea ocr_par ocr_line ocrx_word'/>
</head>
<body>
  <div class='ocr_page' id='page_1' title='image "./iulianiimperato00juligoog_0070.png"; bbox 0 0 2392 3960; ppageno 0'>
   <div class='ocr_carea' id='block_1_1' title="bbox 511 169 1106 233">
    <p class='ocr_par' dir='ltr' id='par_1_1' title="bbox 511 169 1106 233">
     <span class='ocr_line' id='line_1_1' title="bbox 511 169 1106 233; baseline -0.002 -13"><span class='ocrx_word' id='word_1_1' title='bbox 511 169 646 220; x_wconf 77' lang='lat' dir='ltr'>ORATIO</span> <span class='ocrx_word' id='word_1_2' title='bbox 664 171 686 220; x_wconf 91' lang='lat'><strong><em>1.</em></strong></span> <span class='ocrx_word' id='word_1_3' title='bbox 1064 169 1106 233; x_wconf 83' lang='lat'><strong><em>55</em></strong></span> 
     </span>
    </p>
   </div>
   <div class='ocr_carea' id='block_1_2' title="bbox 44 296 1158 3151">
    <p class='ocr_par' dir='ltr' id='par_1_2' title="bbox 44 296 1158 3151">
     <span class='ocr_line' id='line_1_2' title="bbox 83 296 1102 387; baseline -0.004 -18"><span class='ocrx_word' id='word_1_4' title='bbox 83 306 137 381; x_wconf 88' lang='grc' dir='ltr'><strong><em>τίς</em></strong></span> <span class='ocrx_word' id='word_1_5' title='bbox 164 300 218 368; x_wconf 80' lang='grc' dir='ltr'><strong><em>ἐπὶ</em></strong></span> <span class='ocrx_word' id='word_1_6' title='bbox 247 300 310 367; x_wconf 84' lang='grc' dir='ltr'><strong><em>σοῦ</em></strong></span> <span class='ocrx_word' id='word_1_7' title='bbox 338 298 447 384; x_wconf 93' lang='grc' dir='ltr'><strong><em>λέγειν</em></strong></span> <span class='ocrx_word' id='word_1_8' title='bbox 474 296 647 385; x_wconf 84' lang='grc' dir='ltr'><strong><em>έτόλμησε;</em></strong></span> <span class='ocrx_word' id='word_1_9' title='bbox 675 300 774 366; x_wconf 87' lang='grc' dir='ltr'><strong><em>τούτο</em></strong></span> <span class='ocrx_word' id='word_1_10' title='bbox 798 300 855 367; x_wconf 80' lang='grc' dir='ltr'><strong><em>καί</em></strong></span> <span class='ocrx_word' id='word_1_11' title='bbox 872 297 989 387; x_wconf 79' lang='grc' dir='ltr'><strong><em>Κῦρόν</em></strong></span> <span class='ocrx_word' id='word_1_12' title='bbox 1018 318 1102 385; x_wconf 91' lang='grc' dir='ltr'><strong><em>φασι</em></strong></span> 
     </span>
     <span class='ocr_line' id='line_1_3' title="bbox 83 400 1105 495; baseline -0.001 -20"><span class='ocrx_word' id='word_1_13' title='bbox 83 404 148 475; x_wconf 87' lang='grc' dir='ltr'><strong><em>τὸν</em></strong></span> <span class='ocrx_word' id='word_1_14' title='bbox 174 400 311 495; x_wconf 92' lang='grc' dir='ltr'><strong><em>Πέρσην</em></strong></span> <span class='ocrx_word' id='word_1_15' title='bbox 339 403 492 493; x_wconf 90' lang='grc' dir='ltr'><strong><em>γάμβρον</em></strong></span> <span class='ocrx_word' id='word_1_16' title='bbox 520 401 602 472; x_wconf 77' lang='grc' dir='ltr'><strong><em>ὄντα</em></strong></span> <span class='ocrx_word' id='word_1_17' title='bbox 620 405 781 491; x_wconf 87' lang='grc' dir='ltr'><strong><em>βασιλέως</em></strong></span> <span class='ocrx_word' id='word_1_18' title='bbox 803 402 892 494; x_wconf 87' lang='grc' dir='ltr'><strong><em>παρά</em></strong></span> <span class='ocrx_word' id='word_1_19' title='bbox 919 407 981 474; x_wconf 87' lang='grc' dir='ltr'><strong><em>τού</em></strong></span> <span class='ocrx_word' id='word_1_20' title='bbox 1008 410 1105 492; x_wconf 76' lang='grc' dir='ltr'><strong><em>κηδε-</em></strong></span> 
     </span>
     <span class='ocr_line' id='line_1_4' title="bbox 85 506 1105 599; baseline -0.002 -18"><span class='ocrx_word' id='word_1_21' title='bbox 85 515 170 581; x_wconf 84' lang='grc' dir='ltr'><strong><em>στοῦ</em></strong></span> <span class='ocrx_word' id='word_1_22' title='bbox 202 521 328 580; x_wconf 93' lang='grc' dir='ltr'><strong><em>παθεῖν</em></strong></span> <span class='ocrx_word' id='word_1_23' title='bbox 360 506 552 597; x_wconf 76' lang='grc' dir='ltr'><em>ἀχθομένου</em></span> <span class='ocrx_word' id='word_1_24' title='bbox 584 513 625 598; x_wconf 79' lang='grc' dir='ltr'><strong><em>τῇ</em></strong></span> <span class='ocrx_word' id='word_1_25' title='bbox 656 507 747 599; x_wconf 82' lang='grc' dir='ltr'><strong><em>παρὰ</em></strong></span> <span class='ocrx_word' id='word_1_26' title='bbox 778 513 840 579; x_wconf 84' lang='grc' dir='ltr'><strong><em>τού</em></strong></span> <span class='ocrx_word' id='word_1_27' title='bbox 873 510 1025 599; x_wconf 82' lang='grc' dir='ltr'><strong><em>πλήθους</em></strong></span> <span class='ocrx_word' id='word_1_28' title='bbox 1058 516 1105 592; x_wconf 89' lang='grc' dir='ltr'><strong><em>είς</em></strong></span> 
     </span>
     <span class='ocr_line' id='line_1_5' title="bbox 85 609 1145 707; baseline -0.002 -22"><span class='ocrx_word' id='word_1_29' title='bbox 85 615 148 687; x_wconf 85' lang='grc' dir='ltr'><strong><em>τὸν</em></strong></span> <span class='ocrx_word' id='word_1_30' title='bbox 175 615 285 707; x_wconf 75' lang='grc' dir='ltr'><strong><em>ἀνέρα</em></strong></span> <span class='ocrx_word' id='word_1_31' title='bbox 311 619 403 706; x_wconf 78' lang='grc' dir='ltr'><strong><em>τιμῇ,</em></strong></span> <span class='ocrx_word' id='word_1_32' title='bbox 431 617 486 686; x_wconf 83' lang='grc' dir='ltr'><strong><em>καὶ</em></strong></span> <span class='ocrx_word' id='word_1_33' title='bbox 512 613 704 704; x_wconf 78' lang='grc' dir='ltr'><em>Ἀγησίλαος</em></span> <span class='ocrx_word' id='word_1_34' title='bbox 736 616 774 686; x_wconf 72' lang='grc' dir='ltr'><strong><em>δὲ</em></strong></span> <span class='ocrx_word' id='word_1_35' title='bbox 802 620 902 705; x_wconf 77' lang='grc' dir='ltr'><strong><em>δῆλος</em></strong></span> <span class='ocrx_word' id='word_1_36' title='bbox 929 609 972 706; x_wconf 81' lang='grc' dir='ltr'><strong><em>ἦν</em></strong></span> <span class='ocrx_word' id='word_1_37' title='bbox 1000 614 1145 705; x_wconf 89' lang='grc' dir='ltr'><strong><em>ἀχθό-Β</em></strong></span> 
     </span>
     <span class='ocr_line' id='line_1_6' title="bbox 56 720 1104 816; baseline -0.001 -23"><span class='ocrx_word' id='word_1_38' title='bbox 56 742 186 813; x_wconf 69' lang='grc' dir='ltr'><strong><em>ῠμενος</em></strong></span> <span class='ocrx_word' id='word_1_39' title='bbox 213 724 387 815; x_wconf 75' lang='grc' dir='ltr'><strong><em>τιμωμένῳ</em></strong></span> <span class='ocrx_word' id='word_1_40' title='bbox 415 720 504 811; x_wconf 86' lang='grc' dir='ltr'><strong><em>παρά</em></strong></span> <span class='ocrx_word' id='word_1_41' title='bbox 530 738 601 804; x_wconf 90' lang='grc' dir='ltr'><strong><em>τοῖς</em></strong></span> <span class='ocrx_word' id='word_1_42' title='bbox 619 720 713 791; x_wconf 81' lang='grc' dir='ltr'><strong><em>Ἴωσι</em></strong></span> <span class='ocrx_word' id='word_1_43' title='bbox 732 722 932 816; x_wconf 78' lang='grc' dir='ltr'><strong><em>Λυσάνδρῳ.</em></strong></span> <span class='ocrx_word' id='word_1_44' title='bbox 963 724 1104 806; x_wconf 82' lang='grc' dir='ltr'><em>τούτους</em></span> 
     </span>
     <span class='ocr_line' id='line_1_7' title="bbox 86 822 1158 919; baseline -0.001 -19"><span class='ocrx_word' id='word_1_45' title='bbox 86 822 152 900; x_wconf 84' lang='grc' dir='ltr'><strong><em>οὖν</em></strong></span> <span class='ocrx_word' id='word_1_46' title='bbox 180 828 263 918; x_wconf 86' lang='grc' dir='ltr'><strong><em>[ότι]</em></strong></span> <span class='ocrx_word' id='word_1_47' title='bbox 292 829 418 910; x_wconf 77' lang='grc' dir='ltr'><strong><em>πάντας</em></strong></span> <span class='ocrx_word' id='word_1_48' title='bbox 445 825 733 917; x_wconf 79' lang='grc' dir='ltr'><strong><em>ὑπερβαλλόμενος</em></strong></span> <span class='ocrx_word' id='word_1_49' title='bbox 761 825 875 919; x_wconf 78' lang='grc' dir='ltr'><strong><em>ἀρετῇ,</em></strong></span> <span class='ocrx_word' id='word_1_50' title='bbox 903 846 974 910; x_wconf 89' lang='grc' dir='ltr'><strong><em>τοῖς</em></strong></span> <span class='ocrx_word' id='word_1_51' title='bbox 1001 839 1103 899; x_wconf 91' lang='grc' dir='ltr'><strong><em>πλου-</em></strong></span> <span class='ocrx_word' id='word_1_52' title='bbox 1153 837 1158 846; x_wconf 86' lang='grc'><strong>’</strong></span> 
     </span>
     <span class='ocr_line' id='line_1_8' title="bbox 84 931 1104 1026; baseline 0 -22"><span class='ocrx_word' id='word_1_53' title='bbox 84 939 183 1007; x_wconf 85' lang='grc' dir='ltr'><strong><em>τούσι</em></strong></span> <span class='ocrx_word' id='word_1_54' title='bbox 215 935 277 1024; x_wconf 75' lang='grc' dir='ltr'><strong><em>μὲν</em></strong></span> <span class='ocrx_word' id='word_1_55' title='bbox 304 935 341 1004; x_wconf 89' lang='grc' dir='ltr'><strong><em>τὸ</em></strong></span> <span class='ocrx_word' id='word_1_56' title='bbox 375 944 532 1004; x_wconf 82' lang='grc' dir='ltr'><strong><em>πλουτεῖν</em></strong></span> <span class='ocrx_word' id='word_1_57' title='bbox 564 931 814 1026; x_wconf 88' lang='grc' dir='ltr'><strong><em>ἀσφαλέστερον</em></strong></span> <span class='ocrx_word' id='word_1_58' title='bbox 846 932 866 1023; x_wconf 78' lang='grc' dir='ltr'>ἢ</span> <span class='ocrx_word' id='word_1_59' title='bbox 895 934 1002 1025; x_wconf 81' lang='grc' dir='ltr'><strong><em>πατὴρ</em></strong></span> <span class='ocrx_word' id='word_1_60' title='bbox 1034 952 1104 1017; x_wconf 91' lang='grc' dir='ltr'><strong><em>τοῖς</em></strong></span> 
     </span>
     <span class='ocr_line' id='line_1_9' title="bbox 84 1037 1103 1130; baseline -0.001 -19"><span class='ocrx_word' id='word_1_61' title='bbox 84 1039 195 1111; x_wconf 80' lang='grc' dir='ltr'><strong><em>αὑτοῦ</em></strong></span> <span class='ocrx_word' id='word_1_62' title='bbox 221 1044 317 1111; x_wconf 79' lang='grc' dir='ltr'><strong><em>παισί</em></strong></span> <span class='ocrx_word' id='word_1_63' title='bbox 344 1044 556 1129; x_wconf 91' lang='grc' dir='ltr'><strong><em>κατέστησας,</em></strong></span> <span class='ocrx_word' id='word_1_64' title='bbox 584 1039 752 1127; x_wconf 88' lang='grc' dir='ltr'><strong><em>εύγενειάς</em></strong></span> <span class='ocrx_word' id='word_1_65' title='bbox 776 1040 813 1110; x_wconf 74' lang='grc' dir='ltr'><strong><em>δὲ</em></strong></span> <span class='ocrx_word' id='word_1_66' title='bbox 840 1045 898 1129; x_wconf 78' lang='grc' dir='ltr'><strong><em>τῆς</em></strong></span> <span class='ocrx_word' id='word_1_67' title='bbox 924 1045 992 1110; x_wconf 77' lang='grc' dir='ltr'><strong><em>τῶν</em></strong></span> <span class='ocrx_word' id='word_1_68' title='bbox 1019 1037 1103 1130; x_wconf 89' lang='grc' dir='ltr'><strong><em>ύιτη-</em></strong></span> 
     </span>
     <span class='ocr_line' id='line_1_10' title="bbox 84 1144 1102 1238; baseline -0.001 -20"><span class='ocrx_word' id='word_1_69' title='bbox 84 1149 176 1218; x_wconf 90' lang='grc' dir='ltr'><strong><em>κόων</em></strong></span> <span class='ocrx_word' id='word_1_70' title='bbox 203 1164 359 1238; x_wconf 81' lang='grc' dir='ltr'><strong><em>προνοεῖς</em></strong></span> <span class='ocrx_word' id='word_1_71' title='bbox 385 1147 538 1236; x_wconf 81' lang='grc' dir='ltr'><strong><em>καθάπερ</em></strong></span> <span class='ocrx_word' id='word_1_72' title='bbox 567 1144 696 1236; x_wconf 84' lang='grc' dir='ltr'><strong><em>ἀπάσης</em></strong></span> <span class='ocrx_word' id='word_1_73' title='bbox 719 1148 845 1229; x_wconf 90' lang='grc' dir='ltr'><strong><em>πόλεως</em></strong></span> <span class='ocrx_word' id='word_1_74' title='bbox 873 1147 1020 1236; x_wconf 81' lang='grc' dir='ltr'><strong><em>οἰκιστὴς</em></strong></span> <span class='ocrx_word' id='word_1_75' title='bbox 1047 1150 1102 1217; x_wconf 80' lang='grc' dir='ltr'><strong><em>καί</em></strong></span> 
     </span>
     <span class='ocr_line' id='line_1_11' title="bbox 44 1253 1104 1344; baseline -0.002 -19"><span class='ocrx_word' id='word_1_76' title='bbox 44 1276 72 1315; x_wconf 84' lang='lat'><strong><em>10</em></strong></span> <span class='ocrx_word' id='word_1_77' title='bbox 85 1258 286 1344; x_wconf 73' lang='grc' dir='ltr'><strong><em>νομοθέτης·</em></strong></span> <span class='ocrx_word' id='word_1_78' title='bbox 314 1257 369 1323; x_wconf 80' lang='grc' dir='ltr'><strong><em>καί</em></strong></span> <span class='ocrx_word' id='word_1_79' title='bbox 396 1269 467 1335; x_wconf 91' lang='grc' dir='ltr'><strong><em>τοῖς</em></strong></span> <span class='ocrx_word' id='word_1_80' title='bbox 485 1257 521 1324; x_wconf 83' lang='grc' dir='ltr'><strong><em>ἐκ</em></strong></span> <span class='ocrx_word' id='word_1_81' title='bbox 540 1257 606 1341; x_wconf 75' lang='grc' dir='ltr'><strong><em>,τῆς</em></strong></span> <span class='ocrx_word' id='word_1_82' title='bbox 623 1254 725 1342; x_wconf 81' lang='grc' dir='ltr'><strong><em>τύχης</em></strong></span> <span class='ocrx_word' id='word_1_83' title='bbox 753 1253 895 1340; x_wconf 79' lang='grc' dir='ltr'><strong><em>ἀγαθοῖς</em></strong></span> <span class='ocrx_word' id='word_1_84' title='bbox 919 1253 1024 1329; x_wconf 77' lang='grc' dir='ltr'><strong><em>πολλὰ</em></strong></span> <span class='ocrx_word' id='word_1_85' title='bbox 1043 1254 1104 1342; x_wconf 75' lang='grc' dir='ltr'><strong><em>μέν</em></strong></span> 
     </span>
     <span class='ocr_line' id='line_1_12' title="bbox 83 1357 1103 1451; baseline -0.001 -20"><span class='ocrx_word' id='word_1_86' title='bbox 83 1368 289 1450; x_wconf 83' lang='grc' dir='ltr'><strong><em>προστιθείς,</em></strong></span> <span class='ocrx_word' id='word_1_87' title='bbox 316 1359 423 1430; x_wconf 81' lang='grc' dir='ltr'><strong><em>πολλὰ</em></strong></span> <span class='ocrx_word' id='word_1_88' title='bbox 442 1360 478 1429; x_wconf 73' lang='grc' dir='ltr'><strong><em>δὲ</em></strong></span> <span class='ocrx_word' id='word_1_89' title='bbox 497 1362 553 1430; x_wconf 82' lang='grc' dir='ltr'><strong><em>καί</em></strong></span> <span class='ocrx_word' id='word_1_90' title='bbox 572 1357 674 1442; x_wconf 85' lang='grc' dir='ltr'><strong><em>αὐτὸς</em></strong></span> <span class='ocrx_word' id='word_1_91' title='bbox 701 1362 733 1442; x_wconf 81' lang='grc' dir='ltr'><strong><em>ἐξ</em></strong></span> <span class='ocrx_word' id='word_1_92' title='bbox 758 1358 861 1450; x_wconf 78' lang='grc' dir='ltr'><strong><em>ἀρχῆς</em></strong></span> <span class='ocrx_word' id='word_1_93' title='bbox 878 1361 1103 1451; x_wconf 80' lang='grc' dir='ltr'><strong><em>χαριζόμενος,</em></strong></span> 
     </span>
     <span class='ocr_line' id='line_1_13' title="bbox 84 1465 1103 1560; baseline -0.002 -22"><span class='ocrx_word' id='word_1_94' title='bbox 84 1471 188 1557; x_wconf 78' lang='grc' dir='ltr'><strong><em>δῆλος</em></strong></span> <span class='ocrx_word' id='word_1_95' title='bbox 219 1466 251 1536; x_wconf 85' lang='grc' dir='ltr'><strong><em>εἷ</em></strong></span> <span class='ocrx_word' id='word_1_96' title='bbox 280 1470 325 1560; x_wconf 77' lang='grc' dir='ltr'><strong><em>τῷ</em></strong></span> <span class='ocrx_word' id='word_1_97' title='bbox 358 1468 492 1555; x_wconf 76' lang='grc' dir='ltr'><strong><em>μεγέθει</em></strong></span> <span class='ocrx_word' id='word_1_98' title='bbox 523 1466 584 1554; x_wconf 74' lang='grc' dir='ltr'><strong><em>μέν</em></strong></span> <span class='ocrx_word' id='word_1_99' title='bbox 615 1466 674 1548; x_wconf 81' lang='grc' dir='ltr'><strong><em>τὰς</em></strong></span> <span class='ocrx_word' id='word_1_100' title='bbox 711 1465 801 1557; x_wconf 80' lang='grc' dir='ltr'><strong><em>παρὰ</em></strong></span> <span class='ocrx_word' id='word_1_101' title='bbox 832 1471 902 1536; x_wconf 77' lang='grc' dir='ltr'><strong><em>τῶν</em></strong></span> <span class='ocrx_word' id='word_1_102' title='bbox 938 1470 1103 1555; x_wconf 88' lang='grc' dir='ltr'><strong><em>βασιλέων</em></strong></span> 
     </span>
     <span class='ocr_line' id='line_1_14' title="bbox 84 1569 1142 1663; baseline -0.004 -19"><span class='ocrx_word' id='word_1_103' title='bbox 84 1573 213 1663; x_wconf 79' lang='grc' dir='ltr'><strong><em>δωρεὰς</em></strong></span> <span class='ocrx_word' id='word_1_104' title='bbox 240 1569 543 1663; x_wconf 87' lang='grc' dir='ltr'><strong><em>ύιτερβαλλόμενος,</em></strong></span> <span class='ocrx_word' id='word_1_105' title='bbox 570 1576 610 1662; x_wconf 74' lang='grc' dir='ltr'><strong><em>τῇ</em></strong></span> <span class='ocrx_word' id='word_1_106' title='bbox 638 1573 827 1661; x_wconf 84' lang='grc' dir='ltr'><strong><em>βεβαιότητι</em></strong></span> <span class='ocrx_word' id='word_1_107' title='bbox 856 1573 893 1642; x_wconf 74' lang='grc' dir='ltr'><strong><em>δέ</em></strong></span> <span class='ocrx_word' id='word_1_108' title='bbox 919 1577 988 1641; x_wconf 77' lang='grc' dir='ltr'><strong><em>τῶν</em></strong></span> <span class='ocrx_word' id='word_1_109' title='bbox 1016 1571 1142 1656; x_wconf 76' lang='grc' dir='ltr'><strong><em>ἀπαξῦ</em></strong></span> 
     </span>
     <span class='ocr_line' id='line_1_15' title="bbox 84 1677 1102 1770; baseline -0.001 -20"><span class='ocrx_word' id='word_1_110' title='bbox 84 1681 261 1750; x_wconf 78' lang='grc' dir='ltr'><strong><em>δοθέντων</em></strong></span> <span class='ocrx_word' id='word_1_111' title='bbox 288 1678 346 1760; x_wconf 81' lang='grc' dir='ltr'><strong><em>τὰς</em></strong></span> <span class='ocrx_word' id='word_1_112' title='bbox 372 1678 463 1770; x_wconf 82' lang='grc' dir='ltr'><strong><em>παρὰ</em></strong></span> <span class='ocrx_word' id='word_1_113' title='bbox 490 1682 559 1747; x_wconf 80' lang='grc' dir='ltr'><strong><em>τῶν</em></strong></span> <span class='ocrx_word' id='word_1_114' title='bbox 586 1679 701 1767; x_wconf 74' lang='grc' dir='ltr'><strong><em>δήμων</em></strong></span> <span class='ocrx_word' id='word_1_115' title='bbox 729 1679 864 1770; x_wconf 90' lang='grc' dir='ltr'><strong><em>χάριτας</em></strong></span> <span class='ocrx_word' id='word_1_116' title='bbox 892 1677 1102 1769; x_wconf 83' lang='grc' dir='ltr'><strong><em>ἀποκρυπτό-</em></strong></span> 
     </span>
     <span class='ocr_line' id='line_1_16' title="bbox 45 1784 1100 1875; baseline -0.002 -19"><span class='ocrx_word' id='word_1_117' title='bbox 45 1804 192 1875; x_wconf 60' lang='grc' dir='ltr'><strong><em>ωμενος.</em></strong></span> <span class='ocrx_word' id='word_1_118' title='bbox 233 1789 334 1855; x_wconf 82' lang='grc' dir='ltr'><strong><em>τούτο</em></strong></span> <span class='ocrx_word' id='word_1_119' title='bbox 363 1785 400 1855; x_wconf 74' lang='grc' dir='ltr'><strong><em>δέ</em></strong></span> <span class='ocrx_word' id='word_1_120' title='bbox 428 1784 521 1874; x_wconf 80' lang='grc' dir='ltr'><strong><em>οἶμαι</em></strong></span> <span class='ocrx_word' id='word_1_121' title='bbox 547 1787 603 1854; x_wconf 82' lang='grc' dir='ltr'><strong><em>καί</em></strong></span> <span class='ocrx_word' id='word_1_122' title='bbox 631 1786 718 1874; x_wconf 89' lang='grc' dir='ltr'><strong><em>μάλα</em></strong></span> <span class='ocrx_word' id='word_1_123' title='bbox 751 1785 885 1867; x_wconf 86' lang='grc' dir='ltr'><strong><em>είκότως</em></strong></span> <span class='ocrx_word' id='word_1_124' title='bbox 913 1793 1100 1874; x_wconf 89' lang='grc' dir='ltr'><strong><em>συμβαίνει.</em></strong></span> 
     </span>
     <span class='ocr_line' id='line_1_17' title="bbox 83 1884 1102 1982; baseline -0.001 -19"><span class='ocrx_word' id='word_1_125' title='bbox 83 1898 120 1963; x_wconf 93' lang='grc' dir='ltr'><strong><em>οί</em></strong></span> <span class='ocrx_word' id='word_1_126' title='bbox 144 1892 207 1982; x_wconf 69' lang='grc' dir='ltr'><strong><em>μέν</em></strong></span> <span class='ocrx_word' id='word_1_127' title='bbox 235 1891 298 1982; x_wconf 82' lang='grc' dir='ltr'><strong><em>γὰρ</em></strong></span> <span class='ocrx_word' id='word_1_128' title='bbox 327 1889 381 1980; x_wconf 81' lang='grc' dir='ltr'><strong><em>ἐφ’</em></strong></span> <span class='ocrx_word' id='word_1_129' title='bbox 412 1884 462 1973; x_wconf 80' lang='grc' dir='ltr'><strong><em>οἷς</em></strong></span> <span class='ocrx_word' id='word_1_130' title='bbox 489 1898 669 1961; x_wconf 90' lang='grc' dir='ltr'><strong><em>συνίσασιν</em></strong></span> <span class='ocrx_word' id='word_1_131' title='bbox 702 1888 817 1973; x_wconf 89' lang='grc' dir='ltr'><strong><em>αύτοῖς</em></strong></span> <span class='ocrx_word' id='word_1_132' title='bbox 844 1889 1102 1981; x_wconf 75' lang='grc' dir='ltr'><strong><em>ἀπολειφθεῖσιν</em></strong></span> 
     </span>
     <span class='ocr_line' id='line_1_18' title="bbox 83 1997 1099 2089; baseline -0.002 -20"><span class='ocrx_word' id='word_1_133' title='bbox 83 1997 244 2086; x_wconf 80' lang='grc' dir='ltr'><strong><em>ἀγαθοῖς,</em></strong></span> <span class='ocrx_word' id='word_1_134' title='bbox 276 2013 346 2080; x_wconf 90' lang='grc' dir='ltr'><strong><em>τοῖς</em></strong></span> <span class='ocrx_word' id='word_1_135' title='bbox 372 2001 583 2086; x_wconf 84' lang='grc' dir='ltr'><strong><em>κεκτημένοις</em></strong></span> <span class='ocrx_word' id='word_1_136' title='bbox 610 2005 867 2086; x_wconf 90' lang='grc' dir='ltr'><strong><em>βασκαίνουσιν,</em></strong></span> <span class='ocrx_word' id='word_1_137' title='bbox 901 1997 966 2089; x_wconf 86' lang='grc' dir='ltr'><strong><em>ὅτῳ</em></strong></span> <span class='ocrx_word' id='word_1_138' title='bbox 996 1999 1033 2067; x_wconf 74' lang='grc' dir='ltr'><strong><em>δέ</em></strong></span> <span class='ocrx_word' id='word_1_139' title='bbox 1059 1998 1099 2068; x_wconf 87' lang='grc' dir='ltr'><strong><em>τόι</em></strong></span> 
     </span>
     <span class='ocr_line' id='line_1_19' title="bbox 82 2099 1102 2195; baseline -0.001 -21"><span class='ocrx_word' id='word_1_140' title='bbox 82 2106 145 2195; x_wconf 71' lang='grc' dir='ltr'><strong><em>μὲν</em></strong></span> <span class='ocrx_word' id='word_1_141' title='bbox 175 2110 211 2174; x_wconf 89' lang='grc' dir='ltr'><strong><em>έκ</em></strong></span> <span class='ocrx_word' id='word_1_142' title='bbox 242 2108 300 2193; x_wconf 81' lang='grc' dir='ltr'><strong><em>τῆς</em></strong></span> <span class='ocrx_word' id='word_1_143' title='bbox 330 2105 431 2193; x_wconf 83' lang='grc' dir='ltr'><strong><em>τύχης</em></strong></span> <span class='ocrx_word' id='word_1_144' title='bbox 459 2106 527 2174; x_wconf 80' lang='grc' dir='ltr'><strong><em>ἐστὶ</em></strong></span> <span class='ocrx_word' id='word_1_145' title='bbox 559 2101 691 2193; x_wconf 80' lang='grc' dir='ltr'><strong><em>λαμπρὰ</em></strong></span> <span class='ocrx_word' id='word_1_146' title='bbox 723 2106 779 2171; x_wconf 85' lang='grc' dir='ltr'><strong><em>καὶ</em></strong></span> <span class='ocrx_word' id='word_1_147' title='bbox 808 2099 862 2173; x_wconf 83' lang='grc' dir='ltr'><strong><em>οἷα</em></strong></span> <span class='ocrx_word' id='word_1_148' title='bbox 891 2101 1007 2174; x_wconf 75' lang='grc' dir='ltr'><strong><em>οὐδενὶ</em></strong></span> <span class='ocrx_word' id='word_1_149' title='bbox 1034 2109 1102 2173; x_wconf 79' lang='grc' dir='ltr'><strong><em>τῶν</em></strong></span> 
     </span>
     <span class='ocr_line' id='line_1_20' title="bbox 83 2209 1101 2301; baseline -0.002 -21"><span class='ocrx_word' id='word_1_150' title='bbox 83 2211 206 2298; x_wconf 86' lang='grc' dir='ltr'><strong><em>ἀλλων,</em></strong></span> <span class='ocrx_word' id='word_1_151' title='bbox 233 2209 274 2279; x_wconf 87' lang='grc' dir='ltr'><strong><em>τά</em></strong></span> <span class='ocrx_word' id='word_1_152' title='bbox 302 2210 339 2280; x_wconf 72' lang='grc' dir='ltr'><strong><em>δέ</em></strong></span> <span class='ocrx_word' id='word_1_153' title='bbox 367 2213 413 2280; x_wconf 87' lang='grc' dir='ltr'><strong><em>έκ’</em></strong></span> <span class='ocrx_word' id='word_1_154' title='bbox 430 2214 488 2299; x_wconf 79' lang='grc' dir='ltr'><strong><em>τῆς</em></strong></span> <span class='ocrx_word' id='word_1_155' title='bbox 506 2213 729 2301; x_wconf 87' lang='grc' dir='ltr'><strong><em>προαιρέσεως</em></strong></span> <span class='ocrx_word' id='word_1_156' title='bbox 756 2213 824 2278; x_wconf 78' lang='grc' dir='ltr'><strong><em>τῶν</em></strong></span> <span class='ocrx_word' id='word_1_157' title='bbox 852 2212 888 2279; x_wconf 87' lang='grc' dir='ltr'><strong><em>έκ</em></strong></span> <span class='ocrx_word' id='word_1_158' title='bbox 915 2214 974 2299; x_wconf 79' lang='grc' dir='ltr'><strong><em>τῆς</em></strong></span> <span class='ocrx_word' id='word_1_159' title='bbox 1000 2211 1101 2299; x_wconf 89' lang='grc' dir='ltr'><strong><em>τύχης</em></strong></span> 
     </span>
     <span class='ocr_line' id='line_1_21' title="bbox 44 2314 1101 2410; baseline -0.001 -22"><span class='ocrx_word' id='word_1_160' title='bbox 44 2321 199 2410; x_wconf 61' lang='grc' dir='ltr'><strong><em>θμακρῳ</em></strong></span> <span class='ocrx_word' id='word_1_161' title='bbox 229 2317 425 2409; x_wconf 86' lang='grc' dir='ltr'><strong><em>σεμνότερα,</em></strong></span> <span class='ocrx_word' id='word_1_162' title='bbox 458 2314 521 2386; x_wconf 91' lang='grc' dir='ltr'><strong><em>ούκ</em></strong></span> <span class='ocrx_word' id='word_1_163' title='bbox 553 2323 644 2386; x_wconf 82' lang='grc' dir='ltr'><strong><em>ἔστιν</em></strong></span> <span class='ocrx_word' id='word_1_164' title='bbox 676 2314 756 2385; x_wconf 83' lang='grc' dir='ltr'><strong><em>ὅτου</em></strong></span> <span class='ocrx_word' id='word_1_165' title='bbox 785 2317 943 2404; x_wconf 80' lang='grc' dir='ltr'><strong><em>δεόμενος</em></strong></span> <span class='ocrx_word' id='word_1_166' title='bbox 975 2320 1020 2410; x_wconf 75' lang='grc' dir='ltr'><strong><em>τῷ</em></strong></span> <span class='ocrx_word' id='word_1_167' title='bbox 1048 2346 1101 2388; x_wconf 86' lang='grc' dir='ltr'><strong><em>κε-</em></strong></span> 
     </span>
     <span class='ocr_line' id='line_1_22' title="bbox 82 2419 1144 2516; baseline -0.008 -21"><span class='ocrx_word' id='word_1_168' title='bbox 82 2427 235 2516; x_wconf 89' lang='grc' dir='ltr'><strong><em>κτημένῳ</em></strong></span> <span class='ocrx_word' id='word_1_169' title='bbox 264 2423 479 2513; x_wconf 82' lang='grc' dir='ltr'><strong><em>φθονήσειεν.</em></strong></span> <span class='ocrx_word' id='word_1_170' title='bbox 517 2419 533 2491; x_wconf 82' lang='grc' dir='ltr'><strong><em>ό</em></strong></span> <span class='ocrx_word' id='word_1_171' title='bbox 564 2421 605 2512; x_wconf 76' lang='grc' dir='ltr'><strong><em>δὴ</em></strong></span> <span class='ocrx_word' id='word_1_172' title='bbox 634 2425 689 2492; x_wconf 87' lang='grc' dir='ltr'><strong><em>καὶ</em></strong></span> <span class='ocrx_word' id='word_1_173' title='bbox 709 2426 821 2515; x_wconf 74' lang='grc' dir='ltr'><strong><em>σαυτῷ</em></strong></span> <span class='ocrx_word' id='word_1_174' title='bbox 850 2424 989 2511; x_wconf 79' lang='grc' dir='ltr'><strong><em>μάλιστα</em></strong></span> <span class='ocrx_word' id='word_1_175' title='bbox 1017 2424 1144 2492; x_wconf 67' lang='lat' dir='ltr'><em>adv-D</em></span> 
     </span>
     <span class='ocr_line' id='line_1_23' title="bbox 83 2526 1101 2620; baseline -0.002 -20"><span class='ocrx_word' id='word_1_176' title='bbox 83 2559 152 2601; x_wconf 92' lang='grc' dir='ltr'><strong><em>των</em></strong></span> <span class='ocrx_word' id='word_1_177' title='bbox 188 2526 350 2620; x_wconf 85' lang='grc' dir='ltr'><strong><em>ύπάρχειν</em></strong></span> <span class='ocrx_word' id='word_1_178' title='bbox 386 2527 547 2617; x_wconf 77' lang='grc' dir='ltr'><strong><em>ἐγνωκὼς·</em></strong></span> <span class='ocrx_word' id='word_1_179' title='bbox 580 2537 705 2619; x_wconf 85' lang='grc' dir='ltr'><strong><em>χαίρεις</em></strong></span> <span class='ocrx_word' id='word_1_180' title='bbox 741 2530 802 2618; x_wconf 72' lang='grc' dir='ltr'><strong><em>μὲν</em></strong></span> <span class='ocrx_word' id='word_1_181' title='bbox 839 2532 892 2599; x_wconf 78' lang='grc' dir='ltr'><strong><em>ἐπὶ</em></strong></span> <span class='ocrx_word' id='word_1_182' title='bbox 927 2545 998 2611; x_wconf 89' lang='grc' dir='ltr'><strong><em>τοῖς</em></strong></span> <span class='ocrx_word' id='word_1_183' title='bbox 1033 2533 1101 2598; x_wconf 78' lang='grc' dir='ltr'><strong><em>τῶν</em></strong></span> 
     </span>
     <span class='ocr_line' id='line_1_24' title="bbox 84 2633 1102 2726; baseline -0.003 -19"><span class='ocrx_word' id='word_1_184' title='bbox 84 2635 197 2707; x_wconf 85' lang='grc' dir='ltr'><strong><em>ἀλλων</em></strong></span> <span class='ocrx_word' id='word_1_185' title='bbox 229 2633 387 2723; x_wconf 88' lang='grc' dir='ltr'><strong><em>ἀγαθοῖς,</em></strong></span> <span class='ocrx_word' id='word_1_186' title='bbox 420 2633 594 2726; x_wconf 81' lang='grc' dir='ltr'><strong><em>εὐφραίνει</em></strong></span> <span class='ocrx_word' id='word_1_187' title='bbox 627 2639 666 2705; x_wconf 76' lang='grc' dir='ltr'><strong><em>δέ</em></strong></span> <span class='ocrx_word' id='word_1_188' title='bbox 697 2655 732 2704; x_wconf 83' lang='grc' dir='ltr'><strong><em>σε</em></strong></span> <span class='ocrx_word' id='word_1_189' title='bbox 764 2633 805 2704; x_wconf 89' lang='grc' dir='ltr'><strong><em>τά</em></strong></span> <span class='ocrx_word' id='word_1_190' title='bbox 836 2640 905 2704; x_wconf 77' lang='grc' dir='ltr'><strong><em>τῶν</em></strong></span> <span class='ocrx_word' id='word_1_191' title='bbox 941 2633 1102 2725; x_wconf 86' lang='grc' dir='ltr'><strong><em>ύπηκόων</em></strong></span> 
     </span>
     <span class='ocr_line' id='line_1_25' title="bbox 83 2739 1101 2833; baseline -0.003 -20"><span class='ocrx_word' id='word_1_192' title='bbox 83 2743 341 2833; x_wconf 79' lang='grc' dir='ltr'><strong><em>κατορθώματα·</em></strong></span> <span class='ocrx_word' id='word_1_193' title='bbox 369 2740 543 2830; x_wconf 83' lang='grc' dir='ltr'><strong><em>καὶτιμὰς</em></strong></span> <span class='ocrx_word' id='word_1_194' title='bbox 569 2739 620 2811; x_wconf 81' lang='grc' dir='ltr'><strong><em>ἐπ’</em></strong></span> <span class='ocrx_word' id='word_1_195' title='bbox 652 2739 765 2823; x_wconf 86' lang='grc' dir='ltr'><strong><em>αὐτοῖς</em></strong></span> <span class='ocrx_word' id='word_1_196' title='bbox 786 2741 845 2824; x_wconf 88' lang='grc' dir='ltr'><strong><em>τάς</em></strong></span> <span class='ocrx_word' id='word_1_197' title='bbox 868 2741 929 2830; x_wconf 74' lang='grc' dir='ltr'><strong><em>μὲν</em></strong></span> <span class='ocrx_word' id='word_1_198' title='bbox 948 2745 1101 2832; x_wconf 77' lang='grc' dir='ltr'><strong><em>ἐχαρίσω,</em></strong></span> 
     </span>
     <span class='ocr_line' id='line_1_26' title="bbox 46 2844 1101 2939; baseline -0.001 -21"><span class='ocrx_word' id='word_1_199' title='bbox 46 2848 142 2932; x_wconf 62' lang='grc' dir='ltr'><strong><em>ὶῡτάς</em></strong></span> <span class='ocrx_word' id='word_1_200' title='bbox 161 2850 198 2920; x_wconf 73' lang='grc' dir='ltr'><strong><em>δὲ</em></strong></span> <span class='ocrx_word' id='word_1_201' title='bbox 226 2847 291 2938; x_wconf 74' lang='grc' dir='ltr'><strong><em>ἤδη</em></strong></span> <span class='ocrx_word' id='word_1_202' title='bbox 310 2851 447 2937; x_wconf 85' lang='grc' dir='ltr'><strong><em>μέλλεις,</em></strong></span> <span class='ocrx_word' id='word_1_203' title='bbox 475 2844 559 2939; x_wconf 73' lang='grc' dir='ltr'><strong><em>ύπέρ</em></strong></span> <span class='ocrx_word' id='word_1_204' title='bbox 588 2848 624 2917; x_wconf 76' lang='grc' dir='ltr'><strong><em>δὲ</em></strong></span> <span class='ocrx_word' id='word_1_205' title='bbox 649 2851 749 2917; x_wconf 82' lang='grc' dir='ltr'><strong><em>ἐνίων</em></strong></span> <span class='ocrx_word' id='word_1_206' title='bbox 777 2849 936 2938; x_wconf 82' lang='grc' dir='ltr'><strong><em>βουλεύη·</em></strong></span> <span class='ocrx_word' id='word_1_207' title='bbox 964 2845 1101 2918; x_wconf 83' lang='grc' dir='ltr'><strong><em>καὶούκ</em></strong></span> 
     </span>
     <span class='ocr_line' id='line_1_27' title="bbox 84 2952 1101 3083; baseline -0.001 -58"><span class='ocrx_word' id='word_1_208' title='bbox 84 2953 213 3048; x_wconf 89' lang='grc' dir='ltr'><strong><em>ἀπόχρη</em></strong></span> <span class='ocrx_word' id='word_1_209' title='bbox 233 2976 287 3025; x_wconf 90' lang='grc' dir='ltr'><strong><em>σοι</em></strong></span> <span class='ocrx_word' id='word_1_210' title='bbox 313 2955 440 3036; x_wconf 84' lang='grc' dir='ltr'><strong><em>πόλεως</em></strong></span> <span class='ocrx_word' id='word_1_211' title='bbox 458 2959 534 3043; x_wconf 88' lang='grc' dir='ltr'><strong><em>μιάς</em></strong></span> <span class='ocrx_word' id='word_1_212' title='bbox 561 2952 642 3024; x_wconf 74' lang='grc' dir='ltr'><strong><em>οὐδὲ</em></strong></span> <span class='ocrx_word' id='word_1_213' title='bbox 661 2960 786 3036; x_wconf 83' lang='grc' dir='ltr'><strong><em>ἔθνους</em></strong></span> <span class='ocrx_word' id='word_1_214' title='bbox 813 2953 903 3083; x_wconf 83' lang='grc' dir='ltr'><strong><em>ένὸς,</em></strong></span> <span class='ocrx_word' id='word_1_215' title='bbox 918 2952 999 3024; x_wconf 75' lang='grc' dir='ltr'><strong><em>οὐδὲ</em></strong></span> <span class='ocrx_word' id='word_1_216' title='bbox 1021 2965 1101 3024; x_wconf 92' lang='grc' dir='ltr'><strong><em>πολ-</em></strong></span> 
     </span>
     <span class='ocr_line' id='line_1_28' title="bbox 84 3058 1102 3151; baseline -0.002 -19"><span class='ocrx_word' id='word_1_217' title='bbox 84 3059 198 3132; x_wconf 74' lang='grc' dir='ltr'><strong><em>λῶν</em></strong></span> <span class='ocrx_word' id='word_1_218' title='bbox 182 3065 269 3151; x_wconf 88' lang='grc' dir='ltr'><strong><em>ομού</em></strong></span> <span class='ocrx_word' id='word_1_219' title='bbox 287 3077 357 3144; x_wconf 84' lang='grc' dir='ltr'><strong><em>τοῖς</em></strong></span> <span class='ocrx_word' id='word_1_220' title='bbox 374 3059 606 3150; x_wconf 83' lang='grc' dir='ltr'><strong><em>φίλοιςάρχάς</em></strong></span> <span class='ocrx_word' id='word_1_221' title='bbox 633 3059 740 3130; x_wconf 83' lang='grc' dir='ltr'><strong><em>καὶ</em></strong></span> <span class='ocrx_word' id='word_1_222' title='bbox 707 3088 765 3142; x_wconf 92' lang='grc' dir='ltr'><strong><em>τας</em></strong></span> <span class='ocrx_word' id='word_1_223' title='bbox 793 3059 839 3130; x_wconf 85' lang='grc' dir='ltr'><strong><em>ἐπ’</em></strong></span> <span class='ocrx_word' id='word_1_224' title='bbox 862 3058 979 3142; x_wconf 87' lang='grc' dir='ltr'><strong><em>αύταῖς</em></strong></span> <span class='ocrx_word' id='word_1_225' title='bbox 1005 3059 1102 3150; x_wconf 86' lang='grc' dir='ltr'><strong><em>τιμάς</em></strong></span> 
     </span>
    </p>
   </div>
   <div class='ocr_carea' id='block_1_3' title="bbox 84 3200 1102 3621">
    <p class='ocr_par' dir='ltr' id='par_1_3' title="bbox 84 3200 1102 3621">
     <span class='ocr_line' id='line_1_29' title="bbox 153 3200 1102 3295; baseline 0 -31"><span class='ocrx_word' id='word_1_226' title='bbox 153 3217 168 3295; x_wconf 77' lang='grc'><strong><em>,1</em></strong></span> <span class='ocrx_word' id='word_1_227' title='bbox 190 3212 288 3290; x_wconf 78' lang='grc' dir='ltr'><strong><em>Κύρου</em></strong></span> <span class='ocrx_word' id='word_1_228' title='bbox 311 3200 456 3295; x_wconf 77' lang='lat' dir='ltr'><strong>Wytt.]</strong></span> <span class='ocrx_word' id='word_1_229' title='bbox 436 3230 508 3292; x_wconf 79' lang='grc' dir='ltr'><strong><em>ωρον</em></strong></span> <span class='ocrx_word' id='word_1_230' title='bbox 533 3214 604 3276; x_wconf 86' lang='lat' dir='ltr'><strong><em>VM,</em></strong></span> <span class='ocrx_word' id='word_1_231' title='bbox 627 3202 716 3281; x_wconf 76' lang='grc' dir='ltr'><strong><em>Ὦρόν</em></strong></span> <span class='ocrx_word' id='word_1_232' title='bbox 737 3230 754 3263; x_wconf 90' lang='lat' dir='ltr'><strong>v</strong></span> <span class='ocrx_word' id='word_1_233' title='bbox 829 3217 844 3265; x_wconf 89' lang='grc'><strong>6</strong></span> <span class='ocrx_word' id='word_1_234' title='bbox 869 3232 914 3266; x_wconf 90' lang='grc' dir='ltr'><strong><em>οτι</em></strong></span> <span class='ocrx_word' id='word_1_235' title='bbox 938 3215 1051 3266; x_wconf 84' lang='lat' dir='ltr'><strong>inclusit</strong></span> <span class='ocrx_word' id='word_1_236' title='bbox 1075 3215 1102 3264; x_wconf 89' lang='lat' dir='ltr'>H</span> 
     </span>
     <span class='ocr_line' id='line_1_30' title="bbox 85 3273 1101 3360; baseline -0.003 -27"><span class='ocrx_word' id='word_1_237' title='bbox 85 3282 101 3333; x_wconf 86' lang='lat'>8</span> <span class='ocrx_word' id='word_1_238' title='bbox 123 3275 216 3334; x_wconf 81' lang='grc' dir='ltr'><strong><em>αύτού</em></strong></span> <span class='ocrx_word' id='word_1_239' title='bbox 236 3281 357 3350; x_wconf 66' lang='grc' dir='ltr'><strong><em>θύεταί]</em></strong></span> <span class='ocrx_word' id='word_1_240' title='bbox 381 3274 473 3334; x_wconf 83' lang='grc' dir='ltr'><strong><em>αύτού</em></strong></span> <span class='ocrx_word' id='word_1_241' title='bbox 540 3286 558 3360; x_wconf 80' lang='grc'><strong><em>,9</em></strong></span> <span class='ocrx_word' id='word_1_242' title='bbox 580 3285 714 3346; x_wconf 85' lang='grc' dir='ltr'><strong><em>προνοεῖς</em></strong></span> <span class='ocrx_word' id='word_1_243' title='bbox 736 3273 851 3347; x_wconf 73' lang='grc' dir='ltr'><strong><em>ἀπάσης</em></strong></span> <span class='ocrx_word' id='word_1_244' title='bbox 873 3276 1009 3344; x_wconf 77' lang='grc' dir='ltr'><strong><em>καθάπερ</em></strong></span> <span class='ocrx_word' id='word_1_245' title='bbox 1032 3282 1101 3335; x_wconf 81' lang='lat' dir='ltr'><strong>Rsk.</strong></span> 
     </span>
     <span class='ocr_line' id='line_1_31' title="bbox 86 3340 1099 3430; baseline -0.002 -31"><span class='ocrx_word' id='word_1_246' title='bbox 86 3351 117 3400; x_wconf 88' lang='grc'><strong><em>10</em></strong></span> <span class='ocrx_word' id='word_1_247' title='bbox 135 3347 234 3416; x_wconf 82' lang='grc' dir='ltr'><strong><em>τύχης]</em></strong></span> <span class='ocrx_word' id='word_1_248' title='bbox 253 3350 349 3416; x_wconf 76' lang='grc' dir='ltr'><strong><em>ψυχῆς</em></strong></span> <span class='ocrx_word' id='word_1_249' title='bbox 368 3352 391 3398; x_wconf 91' lang='lat' dir='ltr'>V</span> <span class='ocrx_word' id='word_1_250' title='bbox 439 3352 498 3428; x_wconf 92' lang='grc'><strong><em>,,16</em></strong></span> <span class='ocrx_word' id='word_1_251' title='bbox 511 3340 613 3409; x_wconf 84' lang='grc' dir='ltr'><strong><em>αύτοῖς</em></strong></span> <span class='ocrx_word' id='word_1_252' title='bbox 630 3349 689 3428; x_wconf 60' lang='grc' dir='ltr'><strong><em>ΨΜ</em></strong></span> <span class='ocrx_word' id='word_1_253' title='bbox 753 3352 784 3400; x_wconf 77' lang='grc' dir='ltr'><strong><em>1λ</em></strong></span> <span class='ocrx_word' id='word_1_254' title='bbox 802 3349 1010 3430; x_wconf 86' lang='grc' dir='ltr'><strong><em>βασκαίνουσιν</em></strong></span> <span class='ocrx_word' id='word_1_255' title='bbox 1027 3347 1099 3430; x_wconf 89' lang='lat' dir='ltr'><strong><em>VM]</em></strong></span> 
     </span>
     <span class='ocr_line' id='line_1_32' title="bbox 84 3409 1100 3498; baseline 0 -31"><span class='ocrx_word' id='word_1_256' title='bbox 84 3413 275 3498; x_wconf 82' lang='grc' dir='ltr'><strong><em>βασκαίνουσι</em></strong></span> <span class='ocrx_word' id='word_1_257' title='bbox 344 3420 379 3496; x_wconf 87' lang='grc'><strong><em>18,</em></strong></span> <span class='ocrx_word' id='word_1_258' title='bbox 395 3416 446 3485; x_wconf 78' lang='grc' dir='ltr'><strong><em>τῆς</em></strong></span> <span class='ocrx_word' id='word_1_259' title='bbox 464 3410 552 3484; x_wconf 85' lang='grc' dir='ltr'><strong><em>τύχης</em></strong></span> <span class='ocrx_word' id='word_1_260' title='bbox 570 3415 606 3485; x_wconf 87' lang='lat' dir='ltr'><strong><em>V]</em></strong></span> <span class='ocrx_word' id='word_1_261' title='bbox 627 3409 716 3484; x_wconf 77' lang='grc' dir='ltr'><strong><em>τύχηῖ</em></strong></span> <span class='ocrx_word' id='word_1_262' title='bbox 786 3420 817 3468; x_wconf 84' lang='grc'><strong><em>19</em></strong></span> <span class='ocrx_word' id='word_1_263' title='bbox 835 3410 924 3469; x_wconf 77' lang='grc' dir='ltr'><strong><em>τάὃέ</em></strong></span> <span class='ocrx_word' id='word_1_264' title='bbox 942 3416 1009 3482; x_wconf 86' lang='lat' dir='ltr'><strong><em>VM]</em></strong></span> <span class='ocrx_word' id='word_1_265' title='bbox 1029 3412 1100 3467; x_wconf 78' lang='grc' dir='ltr'><strong><em>τάδε</em></strong></span> 
     </span>
     <span class='ocr_line' id='line_1_33' title="bbox 85 3477 1101 3564; baseline 0 -30"><span class='ocrx_word' id='word_1_266' title='bbox 85 3486 116 3535; x_wconf 81' lang='grc'><strong><em>21</em></strong></span> <span class='ocrx_word' id='word_1_267' title='bbox 140 3477 177 3538; x_wconf 82' lang='grc' dir='ltr'><strong><em>ἀν</em></strong></span> <span class='ocrx_word' id='word_1_268' title='bbox 196 3490 262 3564; x_wconf 82' lang='lat' dir='ltr'><strong>post</strong></span> <span class='ocrx_word' id='word_1_269' title='bbox 278 3477 458 3552; x_wconf 79' lang='grc' dir='ltr'><strong><em>φθονήσειεν</em></strong></span> <span class='ocrx_word' id='word_1_270' title='bbox 481 3485 636 3535; x_wconf 85' lang='lat' dir='ltr'><strong>addendum</strong></span> <span class='ocrx_word' id='word_1_271' title='bbox 705 3488 737 3535; x_wconf 93' lang='grc'><strong><em>22</em></strong></span> <span class='ocrx_word' id='word_1_272' title='bbox 759 3477 911 3552; x_wconf 75' lang='grc' dir='ltr'><strong><em>ύιιάρχονῖ</em></strong></span> <span class='ocrx_word' id='word_1_273' title='bbox 981 3488 1013 3535; x_wconf 89' lang='grc'><strong><em>26</em></strong></span> <span class='ocrx_word' id='word_1_274' title='bbox 1032 3485 1101 3535; x_wconf 83' lang='grc' dir='ltr'><strong><em>πολ·</em></strong></span> 
     </span>
     <span class='ocr_line' id='line_1_34' title="bbox 86 3544 765 3621; baseline 0.001 -18"><span class='ocrx_word' id='word_1_275' title='bbox 86 3547 153 3621; x_wconf 77' lang='grc' dir='ltr'><strong><em>λῶν]</em></strong></span> <span class='ocrx_word' id='word_1_276' title='bbox 171 3546 325 3612; x_wconf 78' lang='grc' dir='ltr'><strong><em>πολλάςθ.</em></strong></span> <span class='ocrx_word' id='word_1_277' title='bbox 393 3556 426 3604; x_wconf 82' lang='grc'><strong><em>27</em></strong></span> <span class='ocrx_word' id='word_1_278' title='bbox 445 3548 549 3612; x_wconf 82' lang='grc' dir='ltr'><strong><em>αὐταῖς</em></strong></span> <span class='ocrx_word' id='word_1_279' title='bbox 566 3550 646 3618; x_wconf 55' lang='lat'><strong>3⁵12]</strong></span> <span class='ocrx_word' id='word_1_280' title='bbox 665 3544 765 3613; x_wconf 88' lang='grc' dir='ltr'><strong><em>αύτοῖς</em></strong></span> 
     </span>
    </p>
   </div>
   <div class='ocr_carea' id='block_1_4' title="bbox 0 0 1205 3960">
    <p class='ocr_par' dir='ltr' id='par_1_4' title="bbox 0 0 1205 3960">
     <span class='ocr_line' id='line_1_35' title="bbox 0 0 1205 3960; baseline 0 0"><span class='ocrx_word' id='word_1_281' title='bbox 0 0 1205 3960; x_wconf 95' lang='lat' dir='ltr'><strong><em> </em></strong></span> 
     </span>
    </p>
   </div>
  </div>
 </body>
</html>
