2392 3960
390 171 525 223 οιιιτιο
544 172 596 221 ιιι.
937 170 1000 236 153

29 304 38 371 Ι
66 298 132 371 οὐκ
159 301 345 385 ἐπιτρέπειν
371 301 417 389 τῶ
445 297 598 384 σῶφρονι
624 301 720 387 κριτῇ
748 296 829 368 οὐδὲ
856 298 908 369 ἐπ’
930 298 998 370 όλί-

29 437 45 477 ν
74 411 181 495 ῥοπῆς
213 408 395 492 ἐπιστῆσαι.
439 409 592 485 παιδείας
625 405 662 473 δὲ
689 407 787 474 ἕνεκα
818 409 875 475 ιιαΙ
902 416 999 495 φιλο-

29 520 107 602 φίας
139 516 310 581 πέπονθεν
343 509 436 598 οἶμαι
464 513 529 578 νῦν
560 509 601 578 τά
627 515 686 598 τῆς
709 507 867 594 Ἑλλάδος
892 540 1000 603 παρα-

29 621 128 709 ήσιόν
154 647 187 688 τι
213 633 284 698 τοῖς
304 623 500 703 Αἰγυπτίοις
527 617 785 706 μυθολογημασι
803 622 860 688 καὶ
878 621 1000 707 λόγοις.

29 748 119 797 ιουσι
157 725 221 813 γὰρ
260 722 302 812 δὴ
339 726 395 792 καὶ
430 723 610 809 Αίγύπτιοι
655 723 715 793 τὸν
751 733 879 796 Νεῖλον
917 724 997 816 παρ’

29 850 100 914 τοῖς
126 831 214 900 εἶναι
245 831 285 900 τά
312 827 342 897 τ’
372 828 455 898 ἀλλα
488 832 620 916 σωτῆρα
647 832 703 898 καὶ
734 829 913 921 εὐεργέτην
940 837 998 921 τῆς
1016 859 1042 912 Β

30 969 93 1028 ρας
129 941 185 1007 καὶ
222 935 391 1023 ἀπείργειν
432 933 547 1016 αὐτοῖς
583 934 645 1023 τὴν
685 933 750 1006 ὑπὸ
791 942 854 1007 τοῦ
892 939 1000 1028 πυρὸς

29 1046 138 1135 ·οράν,
172 1041 298 1114 ὁπόταν
330 1041 422 1130 ἥλιος
449 1041 506 1111 διέι
534 1046 671 1131 μακρῶν
702 1071 806 1113 τινων
832 1046 999 1134 περιόδων

29 1181 119 1242 τροις
145 1158 315 1238 γενναίοις
343 1148 521 1218 συνελθὼν
541 1145 559 1235 ἢ
578 1150 823 1238 συγγενόμενος
850 1152 999 1241 ἐμπλήσῃ

30 1291 42 1326 ι
71 1257 153 1345 ἀέρα
181 1256 288 1343 πυρός
316 1258 368 1324 καὶ
390 1257 550 1343 ἐπιφλέγῃ
569 1254 609 1323 τόι
636 1256 822 1344 σύμπαντα.
869 1256 911 1326 οὐ
935 1257 1000 1345 γὰρ

30 1367 102 1454 ξύει,
131 1372 248 1452 φασίν,
277 1360 442 1449 ἀφανίσαι
460 1359 540 1430 οὐδὲ
559 1365 764 1441 ἐξαναλῶσαι
791 1368 853 1433 τοῦ
871 1372 1000 1434 Νείλου

30 1503 41 1554 ς
68 1472 185 1559 πηγάς.
231 1468 358 1539 οὔκουν
387 1466 467 1537 οὐδὲ
501 1470 534 1548 ἐξ
558 1463 727 1556 Ἑλλήνων
753 1474 923 1552 παντελῶς
949 1480 997 1540 οί-

30 1607 73 1647 ται
102 1584 298 1665 φιλοσοφία,
327 1573 406 1643 οὐδὲ
425 1576 555 1642 ἐπέλιπε
577 1572 636 1655 τάς
661 1573 804 1664 Ἀθήνας
833 1575 913 1646 οὐδὲ
936 1576 1041 1665 τὴνο

30 1686 145 1775 ιάρτην
175 1681 254 1751 οὐδὲ
286 1680 347 1770 τὴν
375 1681 563 1769 Κόρινθον·
596 1678 713 1768 ἥκιστα
746 1686 785 1752 δέ
809 1687 879 1752 έστι
907 1684 997 1773 (τού-

30 1792 65 1881 ν)
94 1795 162 1858 τῶν
189 1793 307 1876 πηγῶν
330 1792 420 1874 έπητι
438 1785 475 1855 τὸ
495 1785 617 1875 ’Ἄργος
634 1796 850 1871 πολυδίψιον·
878 1793 999 1859 πολλαὶ

30 1927 45 1966 ν
72 1896 137 1985 γάρ
166 1899 202 1963 ἐν
230 1894 320 1987 αὐτῷ
347 1898 393 1985 τῶ
422 1891 523 1978 ἀστει,
551 1897 669 1963 πολλαὶ
698 1897 735 1965 δέ
762 1899 817 1965 καὶ
845 1895 909 1985 πρὸ
937 1899 1001 1966 τοῦ

30 2032 100 2085 τεος
127 2005 201 2090 περὶ
229 2001 289 2071 τόν
320 1998 463 2069 παλαιόν
492 2002 621 2067 ἐκεῖνον
648 2003 807 2090 Μάσητα·
834 2001 896 2089 τὴν
919 2012 998 2072 Πει-

30 2140 92 2198 νην
120 2109 157 2178 δὲ
176 2106 283 2196 αὐτὴν
311 2104 487 2176 όΣικνῶν
515 2111 581 2192 ἔχει
607 2110 664 2176 παλ
688 2106 750 2196 οὐχ
777 2105 797 2197 ἡ
817 2109 998 2197 Κόρινθος.

30 2246 51 2286 ν
76 2215 231 2303 Ἀθηνῶν
259 2215 296 2284 δὲ
314 2212 419 2284 πολλὰ
447 2212 508 2301 μὲν
526 2213 583 2280 καὶ
600 2215 735 2303 καθαρὰ
754 2217 810 2284 καὶ
839 2217 998 2304 ἐπιχώρια

51 2323 193 2410 νάματα,
221 2320 325 2390 πολλὰ
354 2319 391 2389 δὲ
420 2322 546 2399 ἔξωθεν
575 2322 704 2411 ἐπιρρεῖ
724 2324 780 2390 καὶ
808 2324 999 2411 ἐπιφέρεται

30 2459 74 2498 ιια
103 2432 171 2496 τῶν
198 2434 300 2497 ε”νδον
319 2424 360 2495 οὐ
389 2442 495 2513 μεῖον·
525 2429 560 2492 οί
586 2429 623 2497 δὲ
642 2426 795 2514 ἀγαπῶσι
823 2430 878 2497 καὶ
906 2431 997 2516 στέρ-

30 2558 94 2621 υσι,
121 2544 278 2603 πλουτεῖν
298 2537 470 2612 ἐθέλοντες
490 2522 531 2600 οὗ
549 2535 657 2618 μόνον
677 2534 798 2623 σχεδὸν
818 2531 834 2604 ὁ
855 2538 998 2616 πλοῦτος
1016 2555 1043 2608 D

30 2642 139 2712 λωτόν.

60 2746 171 2836 Ἡμεῖς
209 2748 244 2816 δὲ
277 2754 312 2814 τί
346 2773 423 2815 ποτε
461 2743 525 2835 ἀρα
561 2748 792 2836 πεπόνθαμεν;
830 2751 886 2817 καὶ
922 2754 998 2816 τίνα

31 2885 48 2924 ν
81 2861 309 2943 διαπεραίνειν
342 2853 483 2940 οἰόμεθα
515 2853 633 2942 λόγον,
672 2861 702 2923 εἰ
733 2854 776 2942 μὴ
809 2858 867 2941 τῆς
899 2862 1001 2943 φίλης

31 2962 136 3041 ,λάδος
174 2968 312 3028 ἔπαινον
350 2960 363 3048 ί
374 3013 383 3046 ,
414 2952 472 3048 ἧς)
510 2957 572 3032 οὐκ
610 2968 678 3029 ἔστι
719 2964 913 3050 μνησθέντα
953 2960 998 3050 μὴ

51 3213 238 3283 20⁰⁷¹⁷1⁶]F·
245 3212 347 3336 ἐροπῆς
366 3215 431 3283 πέρι
500 3213 617 3270 6τοίτ’
634 3209 709 3268 ἀλλα
727 3218 795 3270 ΒιΙι.
810 3225 837 3269 et
851 3217 887 3285 H]
907 3210 1000 3270 τάλλα

34 3287 129 3337 nav
259 3279 429 3351 μπλησην]
450 3278 604 3367 ἐμπλήσειε
675 3289 706 3337 10
725 3278 867 3364 έπιφλέγη
881 3284 917 3352 ΙΙ]
939 3280 998 3337 ἐπι·

31 3350 86 3420 ,’γοι
111 3278 272 3432 (όπιφλέγει
290 3353 326 3417 V)
397 3357 428 3403 12
452 3347 557 3434 οόμουν
577 3350 615 3435 HJ
640 3348 691 3405 οόιι
711 3370 765 3405 ουν
835 3357 866 3404 14
890 3347 999 3405 τούτων

31 3423 46 3473 Ι
66 3422 134 3474 Jtsk
206 3424 236 3472 18
255 3414 270 3471 ὁ
291 3414 407 3473 Σικυὼν
424 3415 497 3488 V]
480 3441 497 3489 η
517 3423 634 3473 Σικυων
693 3424 724 3471 22
743 3412 834 3485 μόνον
853 3417 888 3485 V]
908 3412 999 3485 μόνον

39 3492 107 3541 Post
130 3487 331 3554 διαπεραίνειν
355 3491 409 3539 fort
400 3496 475 3541 tasse
499 3489 563 3540 δειν
588 3490 698 3539 excidit.
734 3489 828 3539 Malim
847 3505 912 3539 vero
931 3489 999 3539 seri-

31 3574 51 3608 e
70 3555 220 3621 περαίνειν
240 3548 441 3622 διανοούμεθα
511 3560 543 3607 ‘26
561 3545 595 3622 ἦς
615 3558 676 3608 εδδ.
694 3555 845 3607 Horkelius
