2370 3908
498 177 635 229 οαιτιο
652 177 688 228 11.
1039 175 1100 238 119

81 307 176 374 έστιν
212 309 302 373 αίτία
338 307 399 373 τού
435 304 562 392 μήκους
597 306 655 391 τής
691 302 752 391 μέν
789 305 964 394 εἰρημένης
999 295 1099 392 ήττον

81 409 265 498 ἀναγκαία,
297 413 538 501 προσεχεστέρα
567 409 604 478 δέ
633 408 725 498 οἶμαι
752 413 798 502 τῷ
826 411 966 499 παρόντι
993 410 1094 503 λόγφ·
1114 434 1140 488 1)

80 515 188 606 τυχὸν
215 517 253 586 δὲ
282 515 362 586 ούδὲ
389 517 510 606 ταύτης
538 514 703 604 ἀνηκόους
730 513 816 604 ὑμᾶς
843 516 930 586 εἶναι
957 516 1027 607 χρή.

163 626 308 714 Πρῶτον
334 623 396 712 μέν
423 616 488 693 ούν
515 620 788 712 ύπομνησθῶμεν
820 621 919 713 μικρά
947 628 1015 693 τῶν
1043 631 1099 712 έμ-

54 741 247 820 οπροσθεν,
274 726 373 800 ὁπότε
399 735 458 818 τής
480 726 564 818 ὑπὲρ
582 730 712 798 τούτων
740 731 923 820 διηγήσεως
951 728 1099 800 ἀπεπαύ-

81 836 201 925 όμεθα.
248 839 376 925 έφαμέν
411 864 479 907 που
515 839 634 926 χρήναι
670 834 749 916 τοὺς
787 841 994 916 σπουδαίους
1030 841 1098 906 τῶν

80 942 258 1032 ἀληθινῶν
285 946 432 1013 ἐπαίνων
451 940 615 1032 ἀκροατάς
643 940 705 1011 ούκ
723 948 770 1022 είς
797 946 901 1011 ταῦτα
929 938 1024 1031 όράν,
1049 935 1098 1013 ὦν

79 1047 102 1139 ή
135 1050 219 1137 τύχη
257 1051 313 1118 καὶ
344 1066 415 1131 τοῖς
450 1061 635 1139 μοχθηροῖς
671 1049 827 1129 πολλάκις
863 1054 1098 1137 μεταδίδωσιν,

79 1162 130 1238 εἰς
158 1155 197 1224 δέ
223 1154 282 1237 τάς
314 1159 395 1238 ἕξεις
422 1157 479 1225 καὶ
507 1154 568 1244 τήν
601 1152 732 1244 ἀρενήν,
760 1147 799 1243 ής
827 1157 943 1244 μόνοις
969 1159 1098 1244 μέτεστι

39 1288 67 1327 ιο
79 1278 152 1345 τοῖς
189 1260 333 1349 ἀγαθοῖς
370 1260 513 1353 ἀνδράσι
549 1265 604 1331 καὶ
637 1262 738 1350 φύσει
776 1268 980 1344 σπουδαίοις.
1027 1262 1097 1331 εἶτα

80 1373 245 1439 έντεύθεν
277 1368 406 1450 ἑλόντες
438 1368 501 1458 τήν
529 1367 635 1459 ἀρχήν
667 1366 747 1449 τοὺς
774 1371 846 1456 έξής
880 1371 1097 1459 ἐπεραίνομεν
1115 1398 1150 1446 93

79 1477 220 1563 λόγους,
253 1473 363 1564 ὥσπερ
395 1476 523 1546 κανόνα
559 1473 635 1544 τινά
671 1476 727 1544 καὶ
760 1475 915 1563 στάθμην
948 1472 1097 1545 ἀπευθύ-

80 1608 213 1670 νοντες,
244 1573 267 1672 ή
293 1581 374 1664 τούς
400 1586 468 1651 τῶν
500 1579 643 1669 ἀγαθῶν
675 1579 812 1671 ἀνδρῶν
843 1583 900 1651 καὶ
932 1585 1097 1670 βασιλέων

80 1692 242 1770 ἐπαίνους
278 1689 493 1778 ἐναρμόττειν
529 1691 638 1778 ἐχρῆν.
688 1690 744 1757 καὶ
776 1686 841 1780 ότφ
875 1687 935 1776 μέν
968 1687 1098 1777 ἀληθής

40 1818 68 1859 15
80 1798 139 1865 καὶ
176 1793 427 1885 ἀπαράλλακτος
463 1792 607 1883 ἀρμονία
647 1794 731 1883 πρὸς
767 1799 866 1864 τούτο
904 1798 1021 1880 γέγονε
1058 1794 1096 1864 τὸ

81 1900 285 1991 ἀρχέτυπον,
322 1900 435 1990 όλβιος
466 1901 528 1989 μέν
560 1899 661 1981 αύτὸς
692 1903 747 1970 καὶ
779 1898 885 1982 όντως
917 1900 1097 1990 εὐδαίμων,

81 2006 232 2097 εὐτυχεῖς
268 2007 306 2077 δὲ
342 2013 378 2078 οί
415 2007 655 2096 μεταλαβόντες
690 2010 748 2094 τής
785 2007 940 2095 τοιαύτης
977 2005 1096 2095 ἀρχής·

81 2113 173 2197 ὅστις
206 2115 243 2183 δέ
270 2113 370 2202 ἐγγύς
402 2113 554 2203 ἀφίκετο,
586 2116 655 2181 τῶν
686 2115 788 2182 πλέον
821 2111 1098 2201 ἀπολειφθέντων

81 2219 230 2309 ἀμείνων
256 2223 312 2291 καί
341 2219 585 2310 εὐτυχέστερος·
614 2224 649 2289 οί
670 2219 707 2288 δέ
735 2216 994 2307 ἀπολειφθέντες
1012 2242 1134 2295 παν-Β

38 2331 184 2409 τοτελως
212 2323 232 2415 ή
260 2330 316 2396 καὶ
343 2326 406 2417 τήν
433 2330 590 2396 ἐναντίαν
608 2326 810 2415 τραπόμενοι
840 2331 1014 2415 δυστυχεῖς
1041 2328 1097 2396 καὶ

81 2430 223 2522 ἀνόητοι
250 2436 306 2503 καὶ
333 2441 511 2524 μοχθηροί,
539 2430 654 2514 αύτοῖς
680 2434 788 2502 τεκαὶ
816 2430 928 2513 ἀλλοις
954 2436 1023 2501 τῶν
1042 2461 1097 2521 με-

81 2547 210 2628 γίστων
237 2550 337 2609 αίτιοι
361 2544 555 2629 συμφορῶν.
597 2546 628 2609 εί
651 2537 691 2627 δή
716 2531 779 2608 οὖν
802 2541 858 2608 καὶ
885 2534 967 2627 ύμῖν
994 2541 1097 2629 ταύτη

79 2674 128 2736 πη
158 2649 323 2734 ξυνδοκεῖ,
353 2645 422 2737 ὥρα
450 2649 611 2728 ἐπεξιέναι
633 2661 704 2726 τοῖς
732 2652 852 2735 ἔργοις,
881 2644 902 2714 ἀ
929 2648 1096 2736 τεθαυμά-

80 2781 197 2842 καμεν.
242 2755 298 2822 καὶ
332 2751 420 2835 ὅπως
452 2754 496 2841 μή
529 2780 579 2833 τις
606 2748 760 2842 ύπολάβη
791 2752 853 2822 τὸν
880 2753 983 2839 λόγον
1014 2750 1095 2822 καθ’

39 2884 66 2924 ω
81 2856 191 2930 αὑτὸν
223 2859 336 2947 ίόντα,
372 2861 524 2949 καθάπερ
560 2865 665 2929 ἵππον
701 2856 953 2947 ἀνταγωνιστού
985 2859 1098 2949 στερό-

81 2995 188 3056 μενον
220 2969 257 3035 έν
292 2982 363 3048 τοῖς
399 2967 551 3055 δρόμοις,
584 2980 718 3056 κρατεῖν
754 2969 809 3034 καί
847 2962 1031 3056 ἀποφέρειν
1058 2964 1098 3034 τδι

81 3074 273 3162 νικητήρια,
300 3073 513 3164 πειράσομαι,
540 3076 586 3163 πή
613 3098 692 3142 ποτε
720 3075 919 3161 διαφέρετον
947 3069 1099 3162 ἀλλήλων

83 3177 105 3249 ὅ
131 3207 166 3249 τε
194 3176 352 3270 ήμέτερος
382 3182 437 3249 καὶ
466 3176 484 3248 ό
516 3183 584 3248 των
618 3181 736 3266 σοφῶν
768 3180 920 3269 ῥητόρων
953 3186 1098 3264 ἔπαινος,

154 3424 166 3471 1
170 3417 285 3507 είρημέ
286 3439 338 3487 νης
350 3418 472 3500 Penei]
444 3437 526 3488 ερην
547 3439 561 3480 ς
613 3424 647 3472 20
664 3415 850 3487 τραπόμενοι]
869 3417 1061 3485 πραττόμενοι
1074 3423 1098 3468 V

84 3490 116 3539 21
141 3480 243 3567 αήτοῖς
261 3488 303 3570 H]
325 3481 425 3567 αὐτοῖς
456 3489 461 3552 Ι
494 3415 580 3540 ἀντί’
562 3483 658 3549 ἄλλοις
675 3489 709 3556 V]
734 3488 863 3548 καὶτοῖς
886 3490 998 3548 λοικοις
1066 3490 1099 3539 24

84 3549 217 3623 ύπολιῖβη
236 3554 268 3622 V]
288 3548 429 3623 ύτολόβοι
