2370 3908
373 166 580 218 εειονοιεε
598 169 623 218 4.
642 171 667 220 ι.
686 168 710 218 ο.
730 169 754 220 ι.
1009 165 1074 232 485

56 303 229 392 Σάραπιν,
259 301 304 383 ὡς
332 307 363 370 εί
388 300 433 391 μὴ
460 300 525 389 πρὸ
549 305 617 370 τῶν
641 307 859 391 Δεκεμβρίων
882 305 1073 381 Καλανδῶν

57 408 74 478 ὁ
104 420 199 490 θεοῖς
229 407 350 498 ἐχθρὸς
373 405 576 489 Ἀθανάσιος
607 410 737 490 ἐξέλθοι
771 411 913 498 ἐκείνης,
944 412 1073 498 μᾶλλον

57 516 94 584 δὲ
117 517 172 584 καλ
195 515 303 603 πάσης
324 517 383 603 τῆς
401 513 587 602 Αἰγύπτου,
609 518 649 604 τῇ
674 513 891 608 ὑπακουοάση
911 537 965 586 σοι
983 515 1073 597 τάξει
1091 529 1114 582 Β

55 622 323 711 προστιμησομαι
346 626 475 713 χρυσοῦ
496 628 610 710 λίτρας
632 622 760 691 ἑκατόν.
798 622 901 694 οἶσθα
924 624 962 692 δὲ
984 621 1075 702 ὅπως

29 730 123 818 τείμλ
156 728 283 818 βραδὺς
315 730 377 817 μὲν
409 735 457 810 είς
487 727 524 798 τὸ
550 731 784 817 καταγνῶναι,
820 735 932 825 πολλῷ
961 729 999 798 δὲ
1025 734 1073 797 ἔτι

55 836 261 924 βραδύτερος
284 840 331 917 είς
348 834 390 904 ’τὸ
415 833 500 918 άπαξ
522 833 688 922 καταγοὺς
711 831 851 906 άνείναι.
880 875 924 889 -
954 836 1009 905 καί
1032 839 1073 925 τῇ

56 941 162 1012 αὑτοῦ
189 947 286 1031 χειρί·
323 940 413 1012 πάνυ
441 969 481 1029 με
503 949 600 1011 λνπεί
621 939 659 1009 τὸ
684 939 980 1032 καταφρονεῖσθαι.
1026 939 1073 1029 μὰ

55 1049 135 1128 τοὺς
157 1047 260 1129 θεοὺς
282 1048 409 1128 πάντας
432 1045 534 1117 οὐδὲν
557 1046 663 1129 οὕτως
681 1043 725 1116 άν
744 1043 861 1140 ἴδοιμι,
884 1049 1073 1140 μᾶλλονδὲ

11 1217 16 1223 .
55 1154 237 1247 άκοάσαιμι
266 1152 373 1243 ἡδέως
399 1154 489 1243 παρὰ
516 1157 580 1223 σοῦ
601 1156 770 1242 πραχθέν,
803 1153 848 1239 ὡς
867 1155 1072 1226 Ἀθανάσιον

16 1286 41 1324 10
56 1263 296 1349 ἐξεληλαμένον
321 1264 391 1330 τιόν
416 1264 476 1348 της
497 1261 672 1348 Αἰγύπτου
698 1261 826 1349 τόπων,
852 1263 914 1332 τὸν
936 1260 1071 1352 μιαρόν,
1091 1270 1112 1327 0

56 1368 94 1448 ὀς
121 1368 301 1456 ἐτόλμησεν
319 1365 516 1453 Ἑλληνίδας
543 1364 592 1435 ἐπ’
619 1369 702 1457 ἐμοῦ
731 1379 892 1455 γυναῖκας
913 1371 982 1437 τῶν
1004 1369 1072 1439 ἐπι-

57 1475 175 1563 σήμων
197 1480 363 1561 βαπτίσαι.
409 1473 592 1543 διωκέσθω.

429 1738 463 1819 ζ.
503 1736 700 1832 Ἀρταβίςα
1085 1727 1136 1810 ιδ’

143 1900 226 1988 Ἐγω
255 1899 300 1989 μά
326 1897 407 1979 τοὺς
433 1897 536 1980 θεοὺς
560 1898 636 1968 οὔτε
658 1905 850 1968 κτείνεσθαι
872 1927 951 1979 τους
974 1907 1071 1968 Γαλι-

14 2039 41 2078 15
56 2016 173 2088 λαίονς
201 2005 277 2076 οὔτε
299 2005 483 2075 τύπτεσθαι
505 2003 595 2093 παρὰ
616 2003 655 2074 τὸ
679 2009 813 2074 δίκαιον
835 2005 912 2075 οὔτε
934 2004 1016 2076 άλλο
1039 2032 1072 2075 τι

55 2116 197 2203 πάσχειν
231 2111 336 2182 κακὸν
372 2110 552 2199 βούλομαι,
587 2114 815 2202 προτιμᾶσθαι
847 2115 962 2201 μέντοι
992 2111 1072 2193 τοὺς

55 2226 228 2308 θεοσεβείς
249 2219 306 2288 καί
328 2217 419 2288 πάνυ
442 2218 527 2305 φημὶ
552 2222 636 2286 δείν’
670 2216 727 2287 διὰ
750 2218 812 2306 μὲν
835 2217 900 2306 γάρ
921 2218 986 2306 τὴν
1008 2227 1071 2288 Γα-

55 2335 196 2399 λιλαίων
227 2330 357 2415 μωρίαν
389 2322 508 2411 ὀλίγον
537 2327 610 2392 θείν
639 2322 769 2398 ἅπαντα
796 2323 980 2416 άνετράπη,
1012 2324 1114 2396 θιάΙ)

57 2437 95 2506 δὲ
122 2435 184 2524 τὴν
211 2437 279 2503 τῶν
301 2435 393 2501 θεῶν
417 2428 592 2519 εὐμένειαν
615 2429 790 2518 σωζόμεθα
812 2431 941 2512 πάντες.
987 2429 1071 2501 ὅθεν

14 2571 42 2609 εο
57 2543 119 2631 χρὴ
147 2544 248 2629 τιμάν
273 2537 353 2619 τοὺς
379 2536 484 2618 θεοὺς
510 2538 567 2606 καλ
593 2535 673 2618 τοὺς
693 2542 866 2624 ’θεοσεβεῖς
888 2537 1014 2629 άνδρας
1035 2565 1072 2607 τε

56 2649 112 2718 καί
135 2651 253 2728 πόλεις

127 2920 140 2966 1
159 2907 311 2967 καλάνθων
330 2914 355 2966 V
423 2917 439 2966 2
457 2913 574 2966 θεοῖσιν
591 2913 617 2966 V
631 2912 636 2980 Ι
650 2907 763 2980 ’κείνης
780 2912 913 2966 Sintenis.
949 2914 1070 2981 Requiro

56 2986 109 3050 τῆς
127 2976 250 3046 πόλεως,
268 2987 300 3033 ut
317 2982 401 3034 399A
417 2987 445 3034 et
461 2984 513 3034 4³5
524 2979 551 3031 D
590 2983 607 3033 3
624 2979 675 3034 καλ
691 2973 787 3047 πάσης
804 2980 829 3032 V
847 2978 955 3048 τροπὴ]
974 2974 1070 3049 πάσης

58 3053 62 3120 Ι
80 3068 127 3104 σοι
147 3069 162 3103 e
179 3052 205 3103 V
222 3049 328 3115 recepit
345 3050 456 3115 τροπὴ,
477 3049 563 3116 vulgo
582 3049 660 3100 deest
724 3051 742 3098 4
759 3041 989 3117 προστιμήσομαι
1007 3050 1069 3101 Sin·

57 3116 142 3186 tonis]
162 3111 387 3185 προστιμήσαιμι
404 3118 430 3169 V
447 3122 474 3168 et
491 3118 559 3174 Lex.
571 3116 652 3169 Vind.
689 3118 812 3181 .155,15,
830 3111 1039 3186 προτιμήσαιμι
1051 3134 1070 3169 v

58 3179 160 3254 λὸπως
176 3188 202 3239 V
218 3201 285 3252 mrg.
304 3182 382 3251 Gom]
400 3183 461 3246 πῶς
499 3176 626 3238 ’λαάτοῦ
644 3132 794 3249 Ηλοιάτοῦ
830 3186 891 3236 7ε1
907 3188 924 3237 8
942 3178 983 3252 μά
1001 3180 1070 3246 τούς

56 3260 81 3308 V
99 3252 258 3322 πειρᾶσαι]
281 3244 349 3332 τοὺς
388 3241 460 3305 sav
479 3250 573 3332 ίδοιμρ
592 3254 617 3304 V
633 3250 781 3317 mrg.Gen.
814 3248 907 3317 ἴδοιμι
941 3244 1070 3318 θὴδέως

55 3322 93 3390 Η]
113 3314 240 3390 μηδενὸς
255 3321 259 3388 Ι
274 3317 424 3385 παρασοῦ
436 3319 473 3388 V]
491 3337 571 3388 παρα
588 3335 641 3372 σον
655 3318 660 3386 Ι
674 3248 809 3386 πραηθάν
827 3315 866 3386 Η]
885 3317 1070 3401 πραηθέντος

58 3394 89 3443 11
108 3393 250 3458 ηνναῖκας
266 3388 305 3441 τά
323 3388 475 3442 abscissum
494 3391 523 3440 in
540 3387 579 3440 V‘¹
631 3389 663 3438 12
681 3383 834 3440 θιωκὲσθιο
851 3385 887 3452 V]
906 3386 1071 3440 θιωκεσθαι

58 3462 91 3512 14
108 3452 149 3526 μά
166 3457 205 3525 Η]
224 3452 267 3527 νὴΙ
333 3459 364 3509 17
384 3451 437 3508 διὰ
456 3451 508 3524 μὲν
526 3446 581 3524 γάρ
598 3452 654 3525 Ph]
673 3448 725 3508 διά
743 3448 798 3523 γάρ
817 3451 882 3520 (διά
900 3462 981 3508 mart.
1000 3458 1071 3523 pet.)

58 3530 90 3579 19
108 3520 228 3593 πάντες]
246 3517 363 3586 πάντας
380 3524 482 3591 Heyler
823 3541 826 3548 ’

366 3784 377 3829 V
