2392 3960
392 146 398 159 ¹
481 138 617 192 ORATIO
635 140 656 192 1.
1057 138 1078 202 9

62 262 220 336 ἁπάντων
246 269 287 356 τῇ
314 266 418 358 ψήφῳ
449 266 557 357 πατὴρ
587 263 604 336 ὁ
634 266 706 353 σός,
733 271 769 334 τί
798 264 860 355 χρὴ
888 269 954 334 νῦν
986 290 1076 355 περι-

60 374 273 465 εργάζεσθαις
300 372 363 462 τὴν
391 373 429 442 δὲ
456 376 489 455 ἐς
506 371 587 455 τοὺς
613 375 778 461 πολέμους
807 372 923 461 ῥώμην
951 375 989 441 ἐκ
1010 374 1078 442 τόν

60 486 172 570 ἔργων
203 482 330 568 μᾶλλον
362 476 383 567 ἢ
411 477 467 549 διὰ
498 484 567 548 τῶν
598 480 711 567 λόγων
739 477 782 549 όίν
813 506 863 561 τις
894 485 1076 569 γνωρίσειε.

60 590 268 677 τυραννίδας
295 586 371 676 γάρ,
399 583 467 656 ἀλλ’
498 584 540 655 οό
566 592 736 674 βασιλείας
763 586 928 675 ἐννόμους
955 597 1074 655 καθαι-
1094 605 1115 655 8·

35 696 132 783 ερτόν
158 690 221 780 τὴν
253 693 456 782 οἰκουμένην
488 695 635 782 ἐπῆλθεν
663 691 804 763 ἅπασαν.
845 692 1013 779 τοσαύτην
1041 692 1078 761 δὲ

61 796 201 869 εὔνοιαν
233 795 339 868 αὑτοῦ
370 815 440 880 τοῖς
471 794 633 887 ὑπηκόοις
664 802 885 888 παρέστησεν,
923 796 1009 868 ὥσθ’
1046 802 1081 868 οί

59 904 123 993 μὲν
150 906 407 996 στρατευόμενοι
433 908 491 994 τῆς
514 908 590 996 περὶ
617 904 675 987 τὰς
698 903 825 995 δωρεὰς
852 907 909 974 καὶ
935 903 994 985 τὰς
1020 904 1078 992 χό-

60 1038 154 1101 ριτας
190 1004 437 1100 μεγαλοψυχίας
475 1019 522 1081 ἔτι
559 1013 762 1101 μεμνημένοι
803 1011 955 1102 καθάπερ
992 1009 1078 1081 θεόν

59 1121 253 1187 διατελοῦσι
280 1118 468 1206 σεβόμενοι·
500 1116 538 1187 τὸ
568 1118 605 1187 δὲ
634 1121 671 1188 ἐν
698 1134 770 1199 ταῖς
797 1118 913 1188 πόλεσι
941 1119 997 1186 καὶ
1026 1119 1079 1187 ἐπὶ

20 1226 128 1293 ιοτων
165 1221 279 1313 ἀγρῶν
314 1227 459 1313 πλῆθος,
496 1222 558 1313 οὐχ
591 1222 678 1293 οὕτω
711 1228 769 1313 τῆς
800 1228 869 1293 τῶν
900 1224 1079 1312 τυράννων

59 1326 293 1419 ἀπαλλαγῆναι
321 1331 506 1421 βαρύτητος
524 1328 708 1420 εὐχόμενοι,
738 1326 782 1412 ὡς
809 1329 900 1419 παρὰ
927 1333 988 1399 τοῦ
1013 1332 1077 1398 σοῦ
1095 1344 1123 1397 Β

58 1434 185 1526 πατρὸς
213 1434 391 1526 ίιρχδῆναι,
418 1436 480 1525 τὴν
508 1435 579 1506 κατ’
610 1440 748 1507 ἐκείνων
776 1434 866 1529 αὐτῷ
894 1442 994 1524 νίκην
1023 1439 1077 1505 ἐπ-

60 1542 215 1629 ηόχοντο.
252 1545 323 1612 ἐπεὶ
342 1543 379 1611 δὲ
407 1540 566 1612 ἁπάντων
593 1544 710 1633 κύριος
728 1545 878 1631 κατέστη,
907 1540 1017 1632 ὥσπερ
1046 1544 1079 1624 ἐξ

60 1644 193 1736 αὐχμοῦ
224 1652 282 1736 τῆς
315 1646 498 1736 ἀπληστίας
529 1652 590 1717 τοῦ
627 1649 918 1730 δυναστεύσαντος
955 1652 1079 1735 πολλῆς

18 1780 47 1821 ιο
60 1750 204 1844 ιἰπορίας
231 1755 409 1844 χρημάτων
428 1752 531 1842 οόσης
557 1757 613 1824 καὶ
631 1759 692 1824 τοῦ
710 1755 859 1824 πλούτου
885 1758 954 1823 τῶν
983 1761 1078 1842 βασι-

59 1866 162 1929 λείων
190 1863 226 1929 ἐν
254 1875 372 1948 μυχοῖς
390 1864 673 1949 συνεληλαμένου,
700 1861 736 1930 τὸ
756 1871 915 1953 κλεῖθρον
943 1858 1079 1948 ἀφελῶν

60 1968 243 2035 ἐπέκλυσεν
270 1963 406 2056 ἀθρόως
432 1971 478 2061 τῷ
506 1968 639 2060 πλούτῳ
667 1967 787 2054 πάντα,
815 1968 913 2036 πόλιν
940 1994 974 2035 τε
994 1966 1078 2035 ἐπεό-

59 2100 172 2160 νυμον
204 2069 311 2142 αὑτοῦ
342 2074 543 2161 κατέστησεν
576 2077 613 2142 ἐν
642 2071 722 2143 οὐδὲ
755 2072 844 2154 ὅλοις
873 2080 959 2142 ἔτεσι
986 2075 1077 2160 δέκα,

60 2178 211 2272 τοσούτῳ
244 2182 312 2248 τῶν
339 2178 449 2249 ἄλλων
481 2176 622 2249 ἁπασῶν
649 2187 796 2269 μείζονα,
825 2177 893 2271 ὅσω
920 2182 979 2267 τῆς
1002 2175 1119 2248 Ῥώ-(λ

19 2310 124 2373 sowi?
160 2288 381 2356 ἐλαττοῦσθαι
418 2292 523 2373 δοκεῖ,
564 2278 604 2373 ἧς
640 2285 677 2356 τὸ
721 2286 880 2374 δευτέραν
921 2286 1078 2374 τετάχθαι

62 2395 178 2484 μακρῷ
217 2395 346 2480 βέλτιον
385 2399 495 2480 ἔμοιγε
536 2399 691 2480 φαίνεται
729 2389 749 2480 ἢ
786 2390 824 2461 τό
862 2394 931 2460 τῶν
968 2390 1078 2461 ἄλλων

62 2493 203 2567 όιπασοῖν
229 2498 365 2588 πρώτην
383 2506 586 2587 νομίζεσθαι.
623 2498 729 2568 καλὸν
748 2509 827 2580 ίσως
846 2501 995 2567 ἐνταῦθα
1023 2498 1077 2567 καί

61 2606 130 2671 τῶν
157 2602 322 2693 ἀοιδίμων
347 2604 501 2694 Ἀθηνῶν
519 2609 723 2694 μνησθῆναι,
752 2602 791 2686 δὶς
814 2608 940 2685 ἐκεῖνος
968 2611 1079 2693 ἔργοις

63 2711 119 2778 καὶ
144 2710 258 2797 λόγοις
284 2717 390 2800 τιμῶν
417 2710 478 2780 τὸν
504 2713 613 2781 πάντα
640 2712 937 2809 χρόνονιδιετίλει.
983 2718 1078 2796 βασι-

21 2813 137 2898 ωλεὺς
165 2816 230 2905 γὰρ
258 2814 307 2887 τόν
335 2819 390 2887 καὶ
409 2818 526 2907 κύριος
553 2819 700 2905 πάντων,
729 2816 913 2909 στρατηγὸς
940 2819 1078 2886 ἐκείνων

63 2918 157 3009 ἠξίου
185 2933 372 3012 καλεῖσθαι,
400 2926 455 2994 καὶ
473 2925 630 3012 τοιαότης
658 2925 788 3006 είκόνος
805 2922 984 3012 τυγχάνων
1011 2920 1076 3011 μετ’

128 3112 191 3161 4et
209 3112 225 3160 ὃ
243 3108 396 3175 καθαίρων
416 3111 578 3162 dubitanter
595 3113 684 3192 Wytt.
703 3112 740 3161 ef.
760 3111 845 3161 2311)
902 3103 1079 3190 ὅπαρίστη

60 3190 113 3229 σεν
129 3176 166 3241 H]
186 3175 359 3259 κατέστησεν
412 3181 474 3229 'let
491 3182 507 3230 8
525 3172 578 3238 τοὶς
596 3174 715 3244 χάριτας
733 3177 769 3243 V]
788 3173 908 3245 χοίριτας
962 3180 993 3227 12
1012 3168 1078 3228 κατ’

60 3238 180 3297 ἐκείνων
200 3238 279 3311 αότῷ
298 3244 333 3313 V]
351 3238 413 3298 κατ’
432 3238 529 3299 αὐτῶν
547 3238 667 3327 ἐκείνων
736 3248 768 3296 12
788 3251 815 3296 et
834 3248 865 3296 13
884 3237 1079 3324 ἐνηόχρντον

61 3315 95 3363 13
112 3304 250 3365 καιόντων
271 3312 342 3381 VM]
366 3307 484 3366 πάντων
554 3317 585 3365 18
609 3306 701 3366 αὐτοῦ
719 3316 778 3365 VM
848 3316 879 3364 19
903 3310 1027 3378 τοσούτῳ
1046 3338 1078 3346 -

59 3382 94 3431 22
112 3380 183 3449 νομί
199 3382 286 3433 εσθαι
305 3384 352 3433 eit.
389 3383 489 3433 fluidas
508 3400 533 3434 υ.
551 3375 860 3441 Κωνοταντινοόπολις
930 3382 961 3431 19
980 3377 1077 3431 τοσοῦ·

58 3452 111 3499 τον
128 3454 156 3499 et
173 3462 243 3500 οσον
262 3450 336 3501 Suid.
405 3453 439 3501 22
456 3448 586 3568 μείζοναί
595 3447 647 3502 καὶ
665 3456 729 3501 ante
748 3445 865 3516 πρώτην
881 3446 965 3512 vulgo
984 3446 1078 3497 addita

61 3530 113 3571 om.
129 3516 155 3569 V
173 3521 202 3567 et
220 3515 294 3568 Suid.
365 3519 397 3568 26
416 3512 586 3585 είκόνος]εί
559 3512 674 3577 εκότως
693 3520 717 3569 V
