2392 3960
105 149 168 212 266
406 147 551 198 IULIANI
568 146 815 198 IMPERATORIS

189 274 258 364 Τὴν
290 303 352 362 μεν
385 265 448 342 οὖν
480 271 586 362 ἀρχὴν
618 269 747 342 όπόθεν
778 269 909 362 ηὑρέθη
942 277 999 344 καὶ
1027 273 1156 355 ὅστις

106 380 123 452 ὁ
152 386 285 471 πρῶτος
313 380 520 507 ἐπιχειρήσας
547 378 584 448 τὸ
604 382 730 461 ψεῦδος
757 383 911 462 πιθανῶς
940 392 1107 451 συνθεῖναι
1153 386 1156 459 ἦ

105 488 188 577 πρὸς
217 485 382 575 ὠφέλειαν
410 482 430 574 ἢ
458 492 677 574 ψυχανωνιαν
709 489 778 554 των
805 483 1043 576 ἀκροωμένων,
1074 483 1108 557 ού

105 599 232 682 μάλλον
260 591 351 682 εύροι
378 620 427 673 τις
454 588 497 661 άν
524 589 544 680 ἢ
573 602 605 661 εῖ
628 619 678 672 τις
705 591 919 682 ἐπιχειρήσειε
945 592 1007 663 τόν
1023 597 1108 679 ,πρό

61 715 166 769 Βτον
211 700 380 788 πταρόντα
420 695 441 787 ἢ
482 698 715 787 χρεμψάμενον
763 696 945 787 ἀναζητεῖν.
1001 706 1032 770 εἰ
1070 699 1128 784 δι’,ι

107 805 218 896 ὥσπερ
248 811 356 887 ἱππεῖς
384 808 420 873 ἐν
440 805 554 893 Θράκη
582 805 637 872 καὶ
658 811 829 894 Θετταλίᾳ,
856 805 989 886 τοξόται
1008 805 1110 876 δὲκαὶ

106 912 146 982 τά
173 913 361 1001 κουφότερα
393 915 462 980 τῶν
495 909 608 980 ὅπλων
640 914 677 980 ἐν
701 909 805 1001 Ἰνδίᾳ
837 912 894 980 καὶ
920 912 1036 1002 Κρήτη
1063 911 1110 981 καὶ

106 1027 231 1110 Καρία,
268 1022 308 1107 τη
342 1019 443 1106 φύσει
474 1021 532 1105 τῆς
563 1018 673 1106 χώρας
705 1015 991 1086 ἀκολουθούντων
1028 1017 1111 1107 οἶμαι
1150 1018 1156 1085 ’,

104 1129 172 1193 τῶν
205 1123 488 1212 ἐπιτηδευμάτων,
521 1121 608 1192 ούτω
640 1152 690 1204 τις
721 1119 951 1211 ὑπολαμβάνει
983 1126 1040 1194 καὶ
1067 1124 1112 1194 ἐπὶ
1153 1114 1156 1199 λ

105 1236 174 1300 των
202 1229 312 1299 άλλων
339 1229 556 1319 πραγμάτων,
589 1233 626 1299 ἐν
654 1225 704 1311 οἷς
732 1232 852 1298 ἕκαστα
884 1233 1032 1318 τιμᾶται,
1059 1229 1110 1319 μά·
1122 1220 1156 1291 1ολ

107 1347 201 1405 λιστα
228 1335 318 1426 παρά
345 1337 475 1404 τούτων
494 1333 577 1416 αύτόι
604 1338 659 1405 καὶ
678 1339 812 1427 πρῶτον
838 1331 1025 1426 ηὑρῆσθαι·
1052 1339 1112 1407 τόν

106 1441 272 1530 άνελαίων
299 1450 407 1513 ἔοικεν
434 1440 628 1532 άνθροόπωυ
660 1441 747 1511 εἶναι
775 1441 812 1511 τό
841 1469 877 1528 γε
910 1444 943 1524 ἐξ
972 1437 1113 1533 άρχῇςό

51 1553 221 1638 ῖοεμύθος
249 1547 390 1637 εύρημα,
428 1551 483 1619 καὶ
516 1552 663 1637 διαμένει
701 1551 733 1630 ἐξ
771 1550 902 1618 ἐκείνου
934 1552 1030 1641 μέχρι
1066 1549 1115 1619 καὶ

107 1659 172 1725 νῦν
205 1654 284 1745 παρ’
320 1652 434 1736 αύτοῖς
471 1655 730 1744 πολιτευόμενον
766 1653 803 1723 τὸ
840 1658 975 1744 πράημα
1012 1653 1115 1743 ὥσπερ

107 1760 187 1830 άλλο
210 1790 241 1830 τι
268 1765 336 1830 των
360 1759 590 1851 ἀκροαμάτων,
618 1759 721 1843 αύλὸς
738 1763 794 1830 καὶ
812 1760 949 1851 κιθάρα,
977 1763 1145 1852 τέρψεωςῖλ

107 1871 203 1937 ἕνεκα
230 1871 285 1937 καὶ
312 1874 536 1957 ψυχαγωγίας.
573 1866 683 1957 ὥσπερ
710 1866 775 1954 γάρ
799 1865 936 1957 ὄρνιθες
959 1871 1118 1939 ἵπτασθαι

106 1977 162 2043 καὶ
190 1990 263 2044 νεῖν
291 1976 407 2062 ἰχθύες
426 1979 464 2042 αἴ
488 2003 523 2044 τε
550 1981 669 2063 ἔλαφοι
692 1985 769 2043 θεῖν
796 1972 910 2061 ἐπειδὴ
929 1975 1118 2063 πεφύκασιν

107 2077 209 2150 ούιλὲν
240 2085 301 2150 τού
334 2084 538 2169 διδαχθῆναι
574 2082 811 2169 προσδέονται,
848 2076 912 2149 κάν
949 2080 1038 2171 δύση
1075 2109 1120 2161 τις

105 2183 169 2256 κάν
196 2190 371 2277 καθείρξη,
404 2191 556 2278 πειράται
589 2185 678 2275 ὅμως
709 2189 857 2284 χρῆσθαι
888 2185 1020 2268 τούτοις
1053 2202 1120 2268 τοῖς

191 2443 246 2490 1-
251 2443 267 2490 5
290 2458 345 2505 την
362 2435 507 2505 ἀρχην-
524 2429 682 2520 ἀναζητεῖν
704 2442 849 2488 immutata
867 2443 896 2489 et
913 2444 1059 2491 contractu
1078 2439 1122 2493 eit

108 2507 250 2558 δείσειεν.
270 2506 437 2588 χρεμετίζει
512 2510 526 2557 1
550 2501 666 2573 ηὑρέθη
685 2503 722 2572 H]
742 2497 850 2571 εύρέθη
937 2499 1123 2569 ῖπτοιρόντα

106 2575 175 2625 Rsk.
195 2580 223 2623 et
240 2572 320 2643 Cob.]
338 2569 491 2660 πτυρέντα
508 2591 539 2637 ν,
563 2571 708 2655 πτυρέντα
726 2574 784 2624 cod.
804 2573 950 2624 ASuidae
1037 2576 1055 2625 6
1077 2569 1123 2626 λιτ-

107 2646 173 2700 πεῖς
192 2641 266 2691 Suid.
285 2658 312 2692 v.
336 2636 434 2701 ιιιτιεῖς
457 2612 691 2761 λευκόθιόραιιεςι
713 2638 870 2721 παροιμία
893 2634 993 2701 λππεις
1014 2633 1123 2719 μὲνέν

110 2707 252 2775 Θετταλία
270 2705 445 2794 καλΘρηὶκη,
465 2704 633 2772 τοξόταιδὲ
652 2707 702 2761 καλ
720 2702 933 2774 τάκουφότερα
951 2707 1009 2760 τῶν
1027 2696 1124 2762 οτλων

107 2770 139 2828 ἐν
155 2760 247 2848 Ἰνὸίά
271 2774 320 2826 καὶ
340 2771 437 2844 Κρήτη
459 2776 508 2829 καὶ
535 2776 640 2848 Καρίᾳ.
677 2776 722 2828 cf
742 2775 823 2840 Gorp.
842 2776 1025 2842 paroemiogr.
1044 2775 1093 2829 Gr
1110 2776 1123 2827 1

107 2848 213 2926 ρ4ῖλ.
231 2827 340 2923 Vulgo
360 2827 499 2923 κρύπτ’
483 2849 566 2911 ημεῖς
647 2848 690 2909 8,
694 2845 771 2906 ‚Post
788 2844 885 2911 Καρίᾳ
902 2844 997 2896 deesse
1015 2845 1126 2896 videtur

109 2904 218 2991 εὑρέθη
244 2918 293 2962 aut
315 2903 450 2977 άνεφιὶνη
472 2914 518 2964 vel
540 2912 630 2965 simile
655 2911 744 2992 quid“
769 2911 836 2962 Rek
924 2914 955 2962 11
970 2901 1124 2993 ηύρηοθαι

107 2977 147 3064 H]
169 2974 318 3064 εὑρῆσθαι
418 2982 448 3030 11
469 2984 497 3030 et
515 2983 546 3031 12
576 2979 633 3032 τῶν
665 2973 810 3045 άηελαίων
833 2974 927 3031 ἔοικεν
960 2973 1126 3058 ἀνθρώπων

109 3042 219 3099 εἶναι(
239 3063 370 3106 τοιοντος
388 3046 489 3098 Suidas
506 3063 532 3097 v
552 3039 686 3114 ἆνελαιος
757 3049 788 3096 Ιλ
806 3042 840 3098 τό
854 3062 887 3114 ηε
904 3044 939 3113 V]
958 3039 1023 3098 τότε
1095 3047 1126 3097 18

109 3107 290 3233 ἓῗληῖὲάέλ
294 3113 325 3234 λ.
329 3107 674 3264 ‘333332212312233‘23
686 3111 837 3260 2323&
823 3130 887 3246 3222
892 3113 1127 3260 „mm

108 3247 260 3326 adjecimus
309 3253 340 3301 13
353 3266 436 3328 μεχρι
450 3266 501 3301 om
512 3248 588 3300 said.
635 3252 666 3300 15
684 3246 735 3301 καὶ
748 3244 870 3315 κιθαρα]
891 3237 1035 3313 ηκιθιίρα
1048 3248 1127 3301 snio}

109 3320 209 3369 16—18
231 3332 323 3380 ωσπερ
341 3310 448 3382 νάρ-
455 3313 657 3394 προσδέονται
677 3319 725 3370 eit.
744 3315 841 3367 Suidas
859 3332 885 3366 v.
904 3321 967 3367 νεῖν
991 3319 1090 3403 167

109 3380 140 3436 οι
165 3378 285 3448 ὄρνιθες
312 3386 402 3449 Saia,
428 3379 483 3451 γὰρ
509 3401 561 3436 om.
585 3391 641 3450 pet.
730 3386 761 3434 17
788 3387 880 3435 νειν.
937 3381 1006 3435 ,αἴ
1026 3399 1059 3437 τε
1078 3386 1103 3437 V

108 3449 197 3518 ἰχθύς
215 3453 325 3503 videtur
346 3423 533 3528 εοτῖόευᾶοω,
552 3453 608 3504 vid.
628 3451 663 3502 ad
680 3453 750 3503 5911
776 3452 780 3516 Ι
807 3443 870 3503 ἐπεὶ
892 3446 968 3502 Suid.
994 3451 999 3517 Ι
1031 3446 1129 3519 πεφύ-

109 3536 193 3572 κασιν
212 3521 238 3572 V
256 3525 284 3572 et
304 3519 390 3587 θεῖά]
409 3512 558 3587 πεφύκασι
628 3521 661 3571 18
679 3513 749 3571 ούδὲ
751 3535 768 3570 ν
787 3514 876 3586 Suid.]
896 3510 989 3571 οὐθὲν
