2392 3960
134 106 197 170 202
432 109 575 160 ιοοιλαι
597 109 846 160 ιωεειεκτοιιιε

134 243 240 324 λαβον
267 232 328 324 τὴν
355 235 562 323 τελειοτάτην
589 238 656 303 τών
684 238 821 323 καρπῶν
853 230 1012 305 ἁπάντων
1039 231 1150 325 ολκμὴν

134 344 190 411 καὶ
210 347 343 428 φθίσιν·
372 341 475 410 ταῦτά
493 368 545 410 τοι
564 343 619 411 καὶ
638 342 832 430 φθινούσης
854 339 920 430 ἤδη
938 343 998 429 τῆς
1016 337 1151 432 όπώρας

136 446 256 541 ῦγουσι
284 446 341 529 τὰς
363 445 435 517 κατ’
466 446 622 518 ἐνιαυτὸν
640 453 834 536 νουμηνίας.
881 452 916 516 oi
941 447 980 516 δὲ
997 444 1150 539 ἡμέτεροι

136 554 342 644 προπάτορες
370 550 426 623 ἀπ’
461 552 567 623 αύτοῦ
597 557 658 622 τοῦ
689 555 867 624 θειοτάτου
900 556 1064 642 βασιλέως
1091 556 1151 624 τοῦ

136 660 236 748 Νόμα
268 660 424 748 μειζόνως
456 667 503 730 ἐτι
534 659 595 730 τὸν
631 659 715 730 θεὸν
747 665 868 731 τοῦτον
901 661 1079 749 σεβόμενοι
1110 659 1174 731 τᾶο

135 767 195 855 μὲν
221 770 281 855 τῆς
308 773 418 857 χρείας
445 765 616 854 ἀπέλιπον,
645 765 701 835 ἅτε
728 765 820 855 οἶμαι
848 767 949 856 φύσει
975 778 1068 837 θεῖοι
1096 769 1150 838 καὶ

135 875 281 964 περιττοὶ
308 873 370 962 τὴν
402 875 571 961 διάνοιαν,
604 871 708 943 αῦτὸν
740 874 777 942 δέ
810 873 903 943 εἶδον
933 873 1065 944 τούτων
1091 872 1151 944 τόν

80 989 248 1049 Ῑοοαίτιον
275 982 331 1049 καὶ
363 979 457 1067 ῦγειν
486 982 604 1062 ἔταξαν
637 979 827 1069 συμφώνως
860 983 896 1050 ἐν
927 983 968 1071 τῇ
993 981 1151 1071 παρούσῃ

134 1090 202 1154 τών
230 1082 329 1174 ώρών
355 1084 417 1174 τὴν
444 1093 647 1175 νουμηνίαν,
680 1083 779 1156 ὁπότε
812 1083 829 1156 ὁ
858 1084 1017 1174 βασιλεὺς
1035 1084 1152 1169 Ἥλιος

136 1183 237 1274 αὖθις
264 1193 424 1279 ἐπανάγει
451 1191 533 1283 πρὸς
559 1189 645 1281 ἡμᾶς
672 1190 769 1282 ἀφεὶς
796 1195 854 1282 τῆς
876 1199 1085 1284 μεσημβρίας
1111 1192 1152 1263 τὰ
1166 1216 1190 1255 1⁰

136 1304 255 1386 ἔσχατα
264 1294 330 1367 ’καὶ
349 1297 458 1389 ὥσπερ
476 1301 550 1388 περὶ
569 1300 700 1369 νύσσαν
718 1299 777 1369 τὸν
796 1302 1000 1391 αἰγοκέρωτα
1018 1301 1154 1391 κάμψας

136 1402 201 1474 ἀπὸ
227 1408 288 1475 τοῦ
306 1406 418 1475 Ινότου
445 1404 529 1498 πρὸς
554 1404 615 1476 τὸν
642 1410 771 1498 βορρᾶν
798 1412 925 1496 ἔρχεται
948 1406 1153 1494 μεταδώσων

135 1507 216 1600 ημῖν
242 1514 310 1580 τών
338 1515 493 1582 ε’πετείων
522 1510 670 1600 ἀγαθῶν.
718 1511 768 1582 ότι
801 1513 838 1582 δὲ
869 1516 969 1582 τοῦτο
1002 1508 1154 1604 ἀκριβοῦς

136 1621 256 1687 ἐκείνοι
285 1622 522 1707 διανοηθέντες
541 1617 646 1701 οῦτως
674 1619 892 1708 ἐνεστήσαντο
916 1619 977 1709 τὴν
1004 1621 1154 1691 ἐπέτειον

135 1732 340 1813 νουμηνίαν,
377 1723 511 1795 ἐνθένδ’
552 1723 595 1795 όν
630 1755 679 1808 τις
715 1726 959 1814 κατανοήσειεν.
1011 1723 1053 1796 οῦ
1086 1724 1153 1817 γδιρ
1166 1748 1190 1789 1⁵

136 1830 228 1919 οἶμαι
255 1829 334 1901 καθ’
364 1829 408 1920 ἣν
435 1829 562 1923 ἡμέραν
590 1828 607 1902 ὁ
635 1830 715 1914 θεὸς
742 1834 904 1922 τρέπεται,
932 1830 1013 1902 καθ’
1041 1830 1088 1922 ἣν
1115 1833 1155 1905 δέ

94 1952 206 2019 Βτοῖς
233 1941 335 2007 πᾶσιν
363 1938 513 2028 ἐμφανὴς
540 1946 668 2025 γίνεται
695 1942 813 2028 χωροῦν
846 1936 910 2009 ιἰπὸ
942 1942 1000 2029 τῆς
1027 1962 1154 2030 μεσημ-

135 2052 232 2135 βρίας
251 2048 284 2126 ἐς
311 2045 368 2127 τὰς
395 2044 539 2136 ἄρκτους
558 2048 676 2128 ἔταξαν
696 2037 789 2115 οῦτοι
806 2044 868 2135 τὴν
886 2045 1015 2137 ἑορτήν.
1057 2044 1153 2117 οῦπω

135 2151 196 2238 μὲν
224 2150 287 2241 γὰρ
314 2144 358 2240 ἦν
386 2149 501 2234 αὐτοῖς
527 2147 548 2243 ἡ
576 2157 644 2221 τών
662 2152 818 2222 κανόνων
845 2153 1002 2242 λεπτότης
1028 2153 1154 2245 γνώρι-

135 2285 206 2345 μος,
234 2255 294 2339 οῦς
322 2261 464 2350 ἐξηῦρον
496 2259 557 2347 μὲν
585 2265 748 2328 Χαλδαῖοι
779 2261 835 2328 καὶ
863 2260 1058 2348 Αἰγύπτιοι,
1082 2258 1190 2331 “In-m

134 2390 260 2454 παρχος
288 2364 325 2432 δέ
352 2368 407 2434 καὶ
425 2374 631 2454 Πτολεμαῖος
648 2365 890 2453 ἐτελειώσαντο,
916 2372 1091 2457 κρίνοντες
1114 2367 1154 2437 δέ

135 2471 291 2559 αἰσθήσει
309 2486 380 2552 τοῖς
398 2474 615 2560 φαινομένοις
633 2470 858 2562 ἠκολούθουν.
882 2470 969 2542 οῦτω
989 2472 1028 2542 δέ
1045 2476 1155 2543 ταῦτα

135 2579 190 2645 καὶ
217 2574 307 2666 παρὰ
335 2580 402 2646 τών
428 2581 721 2670 μεταγενεστέρων,
749 2576 794 2662 ώς
812 2587 909 2668 ἔφην,
937 2586 1056 2668 ἔχοντα
1074 2608 1154 2652 κοιτ-

135 2683 271 2773 ενοήθη.
316 2683 381 2772 πρὸ
414 2687 472 2772 τῆς
503 2694 703 2773 νουμηνίας,
737 2683 864 2768 εὐθέως
895 2685 976 2775 μετὰ
1007 2684 1070 2757 τόν
1099 2716 1153 2758 τε·

135 2799 289 2860 λευταῖον
316 2793 377 2860 τοῦ
396 2791 533 2880 Κρόνου
551 2796 650 2881 μῆνα,
674 2796 837 2881 ποιοῦμεν
860 2788 961 2884 Ἡλίω
979 2792 1041 2864 τὸν
1058 2822 1153 2886 περι-
1166 2812 1190 2855 ¹⁵

95 2910 116 2964 0
136 2899 346 2984 φανέστατον
364 2894 490 2985 ιἰγώνα,
518 2896 581 2987 τὴν
599 2897 718 2989 έορτην
742 2896 842 2992 Ἡλίω
861 2908 1155 2989 καταφημίσαντες

136 3000 291 3094 ἆνικήτηι,
319 3002 395 3091 μεθ’
427 3001 467 3073 δν
495 3002 597 3074 οῦδὲν
624 3007 721 3095 θέμις
749 2998 797 3074 ών
825 3003 842 3076 ὁ
870 3015 1058 3090 τελευταῖος
1085 3008 1155 3099 μὴν

135 3115 199 3197 ἔχει
228 3114 441 3199 σκυθρωπῶν
468 3113 543 3200 μέν,
576 3109 769 3198 ἀναγκαίων
802 3110 833 3182 δ’
873 3110 977 3201 ὅμως,
1009 3116 1154 3187 ἐπιτελεε

219 3283 304 3332 4ολ5
322 3279 373 3333 τοῦ
392 3274 480 3348 Νόμα
497 3280 534 3348 Η]
554 3283 618 3333 libri
637 3290 666 3335 εί
683 3284 743 3334 εδδ.
761 3290 793 3334 ut
810 3285 936 3350 supraA
1016 3286 1033 3335 7
1057 3280 1143 3341 εἶδον

135 3344 248 3407 ἰδόντες
264 3350 328 3399 libri
381 3352 411 3400 11
429 3347 495 3416 περὶ
508 3366 560 3401 om.
572 3351 639 3401 libri
692 3354 723 3403 15
742 3350 905 3419 νουμηνίαν
917 3347 954 3420 G]
970 3352 1134 3421 νοομηνίαν

135 3408 251 3468 ἐνθένδ’
266 3414 302 3483 Η]
317 3412 413 3469 ἐνθεν.
434 3419 488 3469 vid.
499 3419 533 3469 ad
547 3420 622 3470 132ss
676 3421 707 3470 18
722 3407 802 3471 οῦτοι
813 3420 851 3479 Η]
864 3410 939 3471 οῦτω
979 3422 1013 3471 20
1025 3412 1154 3491 ἐξηῦρον

134 3483 170 3550 11]
184 3478 301 3552 ἐξεῦρον
347 3489 380 3537 23
398 3481 487 3554 παρὰ]
507 3484 572 3550 περὶ
590 3486 653 3536 libri
706 3490 739 3537 24
756 3487 916 3553 νουμηνίας
935 3484 970 3554 G]
988 3490 1150 3557 νεομηνίας
