2392 3960
227 166 369 218 ιυιιειιι
386 167 636 220 ιιιΡιιιιιτοιιιο
655 167 791 219 οιιειιο
808 167 871 223 vn.
992 165 1057 230 265

48 284 50 289 ¹
144 295 285 362 Τέτλαθι
318 292 375 382 δή,
412 298 548 385 κραδίη,
581 295 636 362 καλ
669 275 833 383 κύντερον
865 290 945 362 άλλο
977 291 1051 363 πότ’

893 404 1001 488 ἔτλης)

48 520 191 611 ἀνάσχου
219 525 274 591 καὶ
302 521 405 603 κυνὸς
432 526 616 611 ληροῦντος
641 519 757 609 ὀλίγον
783 517 908 611 ἡμέρας
925 523 1056 615 μόριον,

48 626 85 697 οό
112 633 247 717 πρῶτον
274 626 407 710 ἀκούεις
433 632 502 697 τῶν
518 633 613 698 θεῶν
640 630 966 718 βλασφημουμένων,
993 627 1055 718 ούχ

47 733 129 804 οὕτω
166 735 207 802 τά
243 733 339 804 κοινὰ
375 735 562 823 πράττομεν
602 737 724 820 καλῶς,
761 732 823 822 οὐχ
858 732 947 804 οὕτω
988 739 1057 804 τῶν

47 846 141 910 ίδίων
178 844 273 910 ἕνεκα
311 843 570 932 σωφρονοῦμεν,
608 837 650 910 ού
684 838 752 928 μὴν
789 836 869 909 οὐδὲ
906 837 1107 930 εύτυχείςκοσ

45 950 153 1035 ἐσμεν,
182 944 265 1016 ῶστε
292 945 350 1028 τάς
377 944 480 1028 ἀκοάς
507 946 659 1038 καθαράς
686 951 774 1035 ἔχειν
801 942 821 1034 ἢ
850 943 917 1036 (τό)
945 955 1054 1016 τελευ-

45 1069 137 1122 ταῖον
165 1056 251 1140 γοῦν
277 1051 318 1122 τά
346 1051 476 1142 ὀμματα
503 1050 547 1142 μὴ
575 1053 760 1142 κεχράνθαι
791 1067 861 1134 τοῖς
888 1059 1054 1124 παντοδα-

44 1176 118 1241 ποῖς
145 1161 282 1229 τουτονὶ
309 1162 371 1230 τοῦ
404 1163 547 1249 σιδηροῦ
575 1162 696 1247 γένους
723 1156 939 1248 ἀσεβήμασιν.
985 1162 1055 1230 ἐπεὶ

46 1267 79 1334 δὲ
114 1264 224 1357 ῶσπερ
257 1269 380 1347 ἐνδεεῖς
416 1263 502 1355 ἡμᾶς
537 1270 605 1335 τῶν
640 1266 804 1336 τοιούτων
834 1269 947 1335 κακῶν
979 1263 1055 1336 άνὲ-

43 1382 168 1461 πλησεν
196 1369 259 1442 ούκ
293 1371 425 1458 εύαγῶν
452 1369 470 1443 ὁ
503 1372 603 1442 κύων
624 1372 794 1462 ῥημάτων,
826 1370 888 1442 τὸν
919 1370 1057 1460 άριστον

43 1483 110 1548 τῶν
136 1482 230 1548 θεῶν
258 1475 436 1567 ὀνομάσας,
464 1474 510 1560 ῶς
536 1479 659 1567 μήποτε
688 1476 797 1568 ῶφελε
824 1475 900 1567 μήτ’
930 1482 1055 1560 ἐκεῖνος

43 1591 148 1655 εἰπεῖν
176 1585 256 1673 μήτε
283 1581 375 1674 ἡμεῖς
403 1582 556 1671 ἀκοῦσαι,
584 1589 686 1676 δεύρο
710 1588 924 1674 πειραθῶμεν
951 1582 1057 1655 αύτόν
1127 1673 1131 1679 ¹

43 1689 97 1780 ἐφ’
128 1687 225 1779 ὑμῶν
252 1691 399 1778 διδάξαι,
425 1695 560 1782 πρῶτον
587 1691 649 1781 μὲν
677 1690 727 1762 ὅτι
754 1695 800 1784 τῷ
828 1693 905 1761 κννλ
933 1691 1096 1779 λόγουςΒ

41 1801 170 1886 μάλλον
197 1793 217 1885 ἢ
245 1798 379 1885 μύθους
405 1798 564 1889 προσήκει
583 1798 736 1888 γράφειν,
765 1797 835 1866 εἶτα
863 1794 982 1880 ὁποίας
1000 1800 1056 1868 κάλ
1086 1836 1094 1845 ⁴

40 1911 137 1985 τίνας
168 1901 230 1993 χρὴ
263 1914 434 1973 ποιείσθαι
465 1902 523 1984 τάς
551 1903 729 1985 διασκευάς
755 1906 824 1972 τῶν
856 1904 993 1992 μύθων,
1026 1914 1060 1973 εί

39 2039 73 2078 τι
102 2008 167 2101 ἀρα
194 2012 250 2079 καλ
278 2016 464 2098 φιλοσοφία
496 2015 689 2100 προσδεῖται
722 2013 779 2097 τῆς
806 2017 1056 2098 μυθογραφίας,

40 2118 97 2186 ε’πλ
128 2120 209 2184 πᾶσι
242 2112 329 2185 δὲ’
311 2115 395 2205 υπλρ
431 2119 490 2206 τῆς
521 2114 604 2203 πρὸς
635 2114 715 2198 τοὺς
745 2112 850 2197 θεοὺς
883 2113 1057 2204 εὐλαβείας

40 2221 141 2310 ὀλίγα
174 2225 508 2312 διαλέξομαι·τοῦτο
541 2221 605 2313 γάρ
632 2251 689 2311 μοι
720 2224 777 2292 καλ
803 2225 862 2310 τῆς
893 2217 991 2304 εἰς’
971 2225 1058 2311 υμᾶς

38 2329 197 2417 παρόδου
235 2332 373 2416 γέγονεν
405 2339 514 2399 αίτιον
550 2335 667 2420 καίπερ
706 2326 769 2398 ούκ
801 2327 874 2397 ὀντι
911 2349 1056 2419 συγγρα-

40 2438 134 2526 φικῷ
166 2437 222 2503 καλ
254 2434 291 2505 τὸ
326 2439 363 2504 ἐν
394 2439 440 2528 τῶ
477 2435 599 2525 πλήθει
632 2437 739 2565 λέγειν
770 2431 880 2525 ῶσπερ
913 2432 994 2504 ἀλλο
1025 2461 1058 2502 τι

39 2544 113 2612 τῶν
140 2543 298 2630 ἐπαχθῶν
324 2544 380 2611 καλ
407 2545 614 2673 σοφιστικῶν
636 2540 696 2611 τὸν
714 2547 906 2666 ἔμπροσθεν
933 2540 1097 2632 χρόνονο

38 2650 332 2740 παραιτησαμένω.
368 2647 468 2740 μικρά
496 2643 580 2718 δὲ“
560 2647 644 2779 νπὲρ
670 2651 734 2718 τοῦ
760 2645 876 2738 μύθου
903 2647 1056 2736 καθάπερ

38 2751 121 2824 τινὰ
148 2762 365 2841 γενεαλογίαν
385 2765 464 2838 ίσως
486 2752 549 2825 οὐκ
567 2751 780 2846 ἀνάρμοστον
798 2757 875 2844 ἐμοί
898 2781 933 2823 τε
951 2753 1058 2842 φάναι

39 2857 127 2950 ὑμῖν
152 2888 187 2929 τε
214 2858 365 2931 ἀκούσαι.
416 2901 417 2905 =

117 3070 129 3115 1
154 3067 254 3142 Οδγεσ.
273 3084 303 3130 υ,
323 3068 355 3118 18
440 3059 633 3150 *λάνάσγον
625 3085 676 3122 om.
674 3071 753 3146 pet.
769 3065 791 3145 1
823 3064 874 3119 ιιαλ
892 3083 944 3121 om.
961 3067 1058 3134 εμιιιλι

41 3139 61 3188 3
80 3126 116 3185 ού
111 3130 245 3214 ,πρῶτον
263 3133 338 3202 Pet]
359 3124 393 3186 οὗ
411 3132 525 3199 πρῶτον
542 3151 574 3200 v,
598 3128 633 3187 ού
651 3133 706 3186 νῦν
723 3130 836 3200 πρῶτον
853 3135 921 3187 Rsk.
943 3141 971 3187 et
990 3135 1058 3187 Gob.

41 3206 60 3254 6
89 3191 179 3283 ρύτως
205 3203 323 3253 Petavio
343 3207 423 3285 post
439 3195 524 3267 ἔσμεν
547 3203 643 3255 δεεσσε
669 3203 776 3252 videtur
785 3199 812 3280 1
844 3195 876 3254 τδ
903 3202 965 3254 add.
991 3202 1059 3253 Rsk.

41 3263 257 3336 Βάσεβήμασιν
277 3267 312 3336 V]
332 3263 492 3337 ἀσεβήμασι
554 3273 583 3320 11
602 3261 759 3352 ὀνομάσας]
778 3259 967 3330 ὀνοτάσαςΒ.
985 3270 1059 3320 Frie-

43 3336 142 3389 derich
212 3339 279 3389 13ολ
291 3341 323 3388 14
335 3355 374 3390 τω
362 3335 454 3390 κυνλ
477 3375 586 3392 .......
608 3333 800 3403 μυθοοςνελ
811 3342 868 3404 pet
947 3339 979 3388 16
996 3335 1059 3388 δια-

43 3400 152 3465 unveis
174 3406 203 3455 in
220 3405 245 3455 V
263 3392 373 3458 videtu'r
394 3407 444 3458 sub
468 3407 579 3457 macula
602 3405 732 3469 latere„
760 3411 877 3472 ..pet‚
902 3395 1060 3464 ὑποθέσεις

44 3471 743 3556 ερσιιλι.15ελ16είτιλλελι.ΗΟολι]είτις
813 3476 845 3525 16
862 3472 989 3538 μνθο
999 3471 1059 3532 .ἰας

43 3541 79 3604 V,
98 3533 208 3606 μύθο..
218 3539 296 3601 ,νίας
313 3547 367 3607 pet.
436 3545 469 3593 23
488 3557 591 3607 φαναι,
609 3547 640 3592 ut
658 3540 738 3602 solet,
755 3541 780 3590 V
