2370 3908
115 196 178 261 218
417 199 562 251 mmm
583 197 831 249 IMPERATORIS

40 340 43 347 '
80 321 161 396 Βάν
193 320 335 414 ἁμάρτοι
366 351 415 405 τις
453 322 558 393 αύτὸυ
585 319 776 412 ὑπολαβών.
826 319 971 412 ῆμίθεον
1003 323 1042 393 δὲ
1074 322 1135 392 διδι

116 436 215 501 τοῦτο
244 427 261 499 ὁ
290 430 401 518 μύθός
427 452 526 518 φησι,
557 429 619 518 τῆν
645 428 729 520 πρὸς
755 428 834 511 τούς
862 428 1043 520 ἀτρέπτους
1072 427 1134 499 αύ-

116 542 178 606 τού
219 535 323 618 θεούς
369 536 623 625 ἐνδεικνύμενος
664 536 843 626 διαφοράν.
898 539 1134 627 δορυφοροῦσι

117 642 181 734 γάρ
209 640 314 712 αύτὸν
341 641 430 730 παρὰ
457 646 515 732 τῆς
542 641 680 732 Μητρὸς
708 645 866 724 δοθέντες
894 647 929 711 οί
953 643 1133 733 Κορύβαν-

116 777 182 836 τες,
220 755 258 817 αί
286 765 373 840 τρεῖς
405 747 537 839 ἀρχικοὶ
569 752 637 817 τών
673 748 753 839 μετὰ
789 748 892 830 θεούς
923 749 1160 839 κρεισσόνων5

117 861 225 943 γενώυ
261 853 467 937 ὑποστάσεις.
514 854 605 944 άρχει
643 856 680 925 δὲ
711 857 766 925 καὶ
804 859 871 924 τών
903 855 1065 943 λεόντων,
1100 863 1136 925 οἳ

117 963 178 1052 τῆν
216 970 382 1052 ἔνθερμον
425 960 545 1032 ούσίαν
582 964 637 1031 καὶ
673 962 813 1052 πυρώδη
856 962 1134 1050 κατανειμάμενοι

117 1069 196 1158 μετά
224 1074 285 1138 τού
314 1072 412 1157 σφών
440 1069 579 1158 ἐξάρχου
607 1070 742 1149 λέοντος
769 1078 870 1137 αἴτιοι
896 1072 942 1160 τῷ
970 1070 1052 1158 πυρὶ
1072 1069 1133 1155 μὲν

117 1176 269 1265 πρώτως,
302 1174 359 1244 διὰ
391 1174 427 1243 δὲ
460 1178 518 1261 τῆς
551 1177 691 1244 ἐνθένδε
727 1175 932 1265 θερμότητος
965 1177 1134 1264 ἐνεργείας

80 1297 151 1351 Οτε
183 1285 352 1369 κινητικῆς
385 1290 485 1350 αίτιοι
518 1282 573 1349 καὶ
606 1296 675 1362 τοῖς
707 1280 818 1362 άλλοις
851 1282 915 1350 είσὶ
953 1288 1132 1370 σωτηρίας·
1147 1276 1172 1341 ίθ

117 1396 297 1477 περίκειται
316 1387 353 1456 δὲ
371 1386 431 1456 τὸν
450 1384 599 1475 ούρανὸν
623 1384 698 1457 ἀντὶ
716 1388 843 1477 τιάρας,
871 1390 1002 1457 ἐκείθεν
1021 1385 1133 1478 ώσπερ

118 1496 171 1562 ἐπὶ
199 1498 262 1583 γῆν
291 1491 491 1583 ὁρμώμενος.
533 1485 631 1573 ούτος
655 1491 672 1563 ό
692 1497 792 1582 μέγας
814 1489 895 1583 ῆμῖν
923 1492 1004 1575 θεὸς
1023 1491 1135 1576 ’Ἀττις

118 1601 221 1668 ἐστίν·
255 1592 353 1668 αὗται
384 1603 446 1668 τού
474 1602 635 1687 βασιλέως
655 1599 806 1681 ’Ἀττιδος
838 1605 876 1668 αί
899 1599 1134 1690 θρηνούμεναι

117 1707 198 1786 τέως
216 1708 322 1794 φυγαὶ
350 1707 405 1774 καὶ
424 1705 562 1795 κρύψεις
590 1708 645 1775 καὶ
665 1705 849 1795 ἀφανισμοὶ
877 1708 994 1776 καλαί
1020 1706 1135 1789 δύσεις

118 1816 156 1879 αἱ
181 1811 263 1881 κατὰ
295 1812 333 1881 τὸ
367 1809 499 1902 άυτρον.
544 1813 702 1904 τεκμῆρια
735 1813 772 1881 δέ
805 1819 887 1882 ἔστω
920 1841 976 1901 μοι
1007 1813 1134 1883 τούτου
1149 1831 1172 1871 1⁵

118 1913 135 1986 ὁ
168 1920 304 2008 χρόνος,
342 1922 379 1987 ἐν
411 1910 438 2011 ᾧ
475 1925 611 2005 γίνεται.
656 1922 837 2008 τέμνεσθαι
874 1919 938 2010 γάρ
978 1939 1063 2007 φασι
1095 1919 1133 1989 τὸ

119 2025 210 2116 ἱερὸν
238 2027 382 2115 δένδρον
400 2023 480 2094 καθ’
510 2022 554 2113 ῆν
572 2023 700 2117 ἡμέραν
728 2023 745 2095 ὁ
773 2024 868 2115 ῆλιος
887 2028 940 2095 ἐπὶ
967 2024 1005 2095 τὸ
1026 2024 1134 2117 άκρον

29 2128 34 2137 ’
117 2135 175 2219 τῆς
205 2136 397 2223 ίσημερινῆς
425 2129 546 2215 ἁψῖδος
574 2139 713 2222 ἔρχεται·
748 2130 814 2202 εἶθ’
845 2134 918 2220 ἑξῆς
940 2142 1134 2222 περισαλπι-

72 2256 97 2310 D
118 2238 202 2326 σμὸς
229 2239 534 2329 παραλαμβάνεται·
566 2243 606 2329 τῆ
624 2245 717 2330 τρίτη
742 2239 778 2309 δὲ
796 2239 946 2328 τέμνεται
974 2237 1011 2308 τό
1042 2237 1135 2328 ἱερὸν

117 2347 172 2413 καὶ
200 2343 390 2436 άπόρρητον
417 2347 519 2434 θέρος
545 2350 606 2414 τού
633 2349 719 2414 θεοῦ
748 2346 892 2415 Γάλλου·
922 2346 975 2414 ἐπὶ
1001 2344 1173 2427 τούτοιςῑθ

113 2447 247 2541 Ἱλάριοι,
276 2459 374 2539 φασί,
407 2453 463 2520 καὶ
492 2454 611 2542 ἑορταί.
659 2450 709 2521 ὅτι
741 2453 802 2541 μὲν
830 2443 894 2521 ούν
921 2451 1036 2533 στάσις
1063 2454 1134 2520 έστλ

117 2561 175 2645 τῆς
212 2555 362 2647 άπειρίας
392 2554 413 2644 ῆ
445 2561 662 2647 θρυλουμένη
696 2557 784 2647 παρὰ
815 2573 886 2641 τοῖς
918 2566 1053 2639 πολλοῖς
1081 2561 1134 2627 έκ-
1169 2582 1174 2589 ·

116 2663 216 2750 τομῆ,
254 2663 424 2753 πρόδηλον
456 2666 489 2744 ἐξ
523 2656 571 2733 ώυ
608 2661 708 2753 ῆνίκα
745 2661 762 2733 ὁ
796 2666 898 2754 μέγας
922 2662 1036 2746 Ἥλιος
1072 2667 1134 2734 τοῦ

119 2773 315 2858 ίσημερινού
334 2768 468 2850 ψαύσας
486 2770 623 2857 κύκλου,
651 2775 708 2839 ίνα
726 2769 763 2840 τὸ
783 2772 924 2859 μάλιστα
944 2766 1134 2861 ώρισμένον

118 2877 199 2942 ἐστί·
228 2874 265 2944 τὸ
293 2875 355 2965 μὲν
374 2873 438 2964 γάρ
467 2885 543 2945 ίσον
563 2872 750 2966 ὡρισμένον
778 2881 857 2965 ἐστί,
884 2876 923 2946 τὸ
947 2877 984 2946 δὲ
1013 2875 1173 2947 άνισον25

118 2977 256 3071 άπειρόν
283 3010 317 3051 τε
344 2984 400 3051 καὶ
428 2979 646 3071 άδιεξίτητον·
679 2982 763 3053 κατὰ
790 2983 850 3053 τὸν
881 2983 985 3069 λόγον
1013 2981 1134 3053 αὐτίκα

65 3084 159 3161 1εετὸ
189 3089 333 3179 δένδρον
360 3091 522 3178 τέμνεται·
551 3086 614 3159 εἷθ’
645 3091 718 3178 ἑξῆς
746 3096 873 3177 γίνετοιιΙ
895 3088 936 3159 τά
954 3090 1064 3177 λοιπά,
1093 3087 1134 3159 τά

204 3296 234 3346 13
253 3287 329 3346 ἐστίν
348 3293 385 3362 Η]
404 3290 466 3346 ἐστί
550 3299 583 3348 20
601 3287 648 3348 ἐπὶ
667 3298 725 3347 Pet.
743 3297 772 3344 in
790 3295 919 3346 lemmate
940 3295 1134 3346 annotationis

119 3367 147 3412 et
165 3362 202 3411 Pe
221 3368 292 3412 teste
309 3362 442 3428 Heylerol
467 3355 529 3414 ἐπεὶ
615 3366 648 3414 22
665 3358 851 3428 θρυλουμένη
869 3360 908 3430 H]
929 3361 1133 3430 θρυλλουμέυη

117 3499 150 3615 ἓθ
169 3429 256 3564 ῆνῆκα
279 3447 309 3562 έοξι
333 3486 373 3550 ὧν
395 3498 427 3549 V.
464 3498 584 3563 „Manca
607 3505 649 3550 est
667 3495 785 3550 oratio.“
811 3498 872 3549 Pet.
959 3500 992 3549 25
1011 3496 1075 3549 ἴσον
1093 3497 1133 3565 Η]

131 3580 180 3616 σον
1043 3586 1047 3591 ·
