2392 3960
102 161 164 226 268
402 160 543 211 IULIANI
565 159 814 211 IMPERATORIS

103 284 328 379 μυθήσωνται
342 286 378 356 τὸ
398 288 518 372 πάθος,
546 283 633 355 ούτω
654 285 691 356 δὲ
709 288 765 355 καὶ
784 277 878 356 οὗτοι
896 280 1155 377 τῷψνχαρίᾷ

103 397 348 485 πτεροφυούντι
378 395 435 462 καὶ
466 396 632 462 ποθοῦντι
660 397 761 463 πλέον
789 395 915 462 είδέναι
942 418 990 478 τι,
1023 391 1136 461 διδά-

105 513 245 572 σκεσθαι
264 500 301 569 δὲ
320 498 413 569 ούπω
431 498 561 587 τάληθῆ
581 501 758 591 δυναμένῳ
777 502 881 568 ταῦτα
900 498 1131 586 ἐποχετεύειν,

106 608 216 697 ῶσπερ
244 605 402 697 άρδοντες
429 604 581 694 άρουραν
609 611 772 691 διψῶσαν,
801 610 857 675 ἵνα
876 603 919 693 δὴ
948 602 1040 693 οἶμαι
1058 600 1127 672 αύ-

105 721 172 785 τῶν
208 713 268 783 τὸν
301 714 528 800 γαργαλισμόν
564 715 619 781 καὶ
652 713 715 802 την
753 711 883 800 ὀδύνην
920 707 1143 802 παραμυθή-ι

106 845 239 892 σωνται.

20 1017 23 1023 ⁴
55 953 105 1001 207
191 931 260 997 Τού
292 927 329 996 δὲ
361 927 520 996 τοιούτου
557 933 803 1016 προβαίνοντος
838 928 894 996 καὶ
927 925 1019 1017 παρά
1052 936 1116 1002 τοῖς
1153 920 1158 947 ³

100 1035 258 1123 Ἕλλησιν
276 1030 545 1120 εὐδοκιμοῦντος,
574 1040 732 1103 εἵλκυσαν
751 1036 911 1103 ἐντεῦθεν
929 1038 966 1102 οί
990 1028 1112 1121 ποιηταί
1150 1024 1153 1043 ⁵

108 1141 168 1212 τὸν
197 1139 306 1224 αἶνον,
335 1135 372 1219 ὃς
398 1142 460 1208 τού
488 1139 601 1227 μύθου
631 1142 782 1228 διαφέρει
800 1145 846 1232 τῶ
874 1138 919 1228 μὴ
947 1137 1031 1230 πρὸς
1048 1149 1111 1209 παλ-

111 1255 182 1334 δας,
210 1243 293 1315 άλλά
320 1243 403 1336 πρὸς
431 1242 559 1335 ἄνδρας
585 1250 792 1335 πεποιῆσθαι
810 1248 866 1316 καὶ
895 1245 940 1334 μὴ
967 1261 1138 1335 ψυχαγυ-ιι

111 1363 188 1441 γίαν
216 1353 338 1440 μόνον,
371 1349 453 1420 άλλά
481 1354 536 1420 καὶ
568 1359 767 1442 παραίνεσιν
796 1361 883 1443 ἔχειν
912 1346 1015 1422 τινά.Ι
1043 1348 1112 1441 βού-

111 1470 199 1530 λεται
228 1457 291 1546 γὰρ
319 1459 600 1547 ἐπικρυπτόμενος
618 1475 795 1550 παραινεῖν
813 1488 847 1528 τε
866 1461 923 1530 καὶ
942 1459 1123 1544 διδάσκειν,

111 1565 192 1636 ὅταν
230 1562 247 1634 ὁ
284 1566 391 1650 λέγων
428 1563 466 1633 τὸ
500 1569 655 1656 φανερῶς
691 1572 797 1636 εἰπεῖν
834 1564 1030 1656 εύλαβῆται,
1064 1562 1117 1652 τὴν

75 1671 201 1762 Βπαρά
228 1675 296 1740 τῶν
324 1667 519 1740 ἀκουόντων
550 1669 771 1763 ύφορῶμενος
798 1670 990 1762 ἀπέχθειαν.
1037 1669 1117 1742 οὕτω

111 1807 163 1848 τοι
199 1780 255 1847 καὶ
288 1774 442 1860 Ἡσίοδος
478 1775 560 1848 αὐτὸ
602 1785 758 1867 φαίνεται
798 1779 997 1867 πεποιηκώς·
1035 1775 1053 1849 ὁ
1089 1774 1149 1848 δὶα

112 1885 192 1974 μετὰ
219 1888 342 1954 τούτου
366 1881 555 1973 Ἀρχίλοχος
583 1883 692 1976 ῶσπερ
725 1884 862 1974 ἥδυσμά
888 1913 920 1955 τι
947 1885 1124 1976 περιτιθεὶς

112 1997 152 2082 τῇ
183 1991 329 2080 ποιήσει,
361 1991 486 2079 μύθοις
519 1989 619 2082 (ούκ)
653 1989 800 2079 ὀλιγάκις
831 1991 992 2081 ἐχρήσατο
1027 1988 1125 2083 ὁρῶν,

113 2096 158 2181 ῶς
186 2099 289 2183 εἰκός,
316 2094 378 2185 την
405 2097 466 2185 μὲν
493 2095 674 2186 ὑπόθεσιν,
705 2096 750 2186 ἣν
778 2099 903 2189 μετῄει,
930 2101 988 2187 τῆς
1014 2096 1127 2168 τοιαύ-

113 2235 171 2294 της
198 2211 412 2294 ψυχαγωγίας
431 2206 553 2286 ἐνδεῶς
580 2211 734 2293 ἔχουσαν,
763 2208 880 2293 σαφῶς
899 2204 938 2274 δὲ
964 2203 1129 2291 έγνωκῶς,

114 2311 165 2382 ὅτι
193 2314 371 2400 στερομένη
399 2310 514 2398 μύθου
545 2318 679 2399 ποίησις
706 2313 860 2381 έποποιία
892 2311 999 2399 μόνον
1028 2313 1158 2398 ἐστίν,ιι

114 2422 284 2509 ἐστέρηται
313 2421 364 2504 δέ,
398 2413 443 2499 ῶς
470 2414 514 2487 άν
540 2427 627 2487 είποι
654 2447 718 2506 τις,
753 2420 886 2505 ἑαυτῆς,
919 2414 961 2487 ού
988 2415 1055 2508 γάρ
1083 2424 1131 2488 ἔτι

115 2533 260 2595 λείπεται
287 2531 436 2611 ποίησις,
463 2520 639 2613 ἡδύσματα
666 2527 771 2594 ταῦτα
798 2521 888 2614 παρὰ
915 2527 974 2610 τῆς
1000 2550 1130 2613 ποιητι-

80 2635 174 2720 Οκῆς
201 2629 346 2717 Μούσης
373 2632 545 2719 ἐθρέψατο,
573 2633 629 2700 καὶ
656 2632 828 2721 παρέθηκέ
853 2657 890 2717 γε
918 2627 1024 2699 αύτοῦ
1052 2630 1131 2700 τού-

116 2767 176 2807 του
204 2737 317 2827 χάριν,
346 2733 436 2818 ὅπως
463 2735 506 2826 μὴ
536 2737 761 2828 σιλλογράφος
787 2764 852 2824 τις,
879 2733 963 2805 άλλδι
990 2734 1132 2825 ποιητὴς

198 2999 294 3046 4ελ5
318 2988 413 3048 αύτῶν
436 2988 487 3047 τὸν
510 2989 703 3064 γαργαλισμδν
722 2995 761 3080 V]
784 2988 835 3047 τὸν
856 2987 1056 3076 γαργαλισμῶν
1077 2986 1131 3049 σύ·

114 3064 173 3116 τῶν
240 3067 256 3116 9
279 3061 379 3114 Suidas
397 3080 424 3114 ν.
445 3057 540 3144 αλνμςι
565 3058 647 3123 αἶνος
671 3064 808 3131 διαφέρει
825 3064 924 3130 μυθον
942 3059 981 3133 τῷ
999 3055 1039 3131 μὴ
1059 3058 1132 3129 πρὸς

114 3129 276 3194 παῖδας-
294 3126 460 3184 διδάσκειν·
484 3148 555 3194 οπερ
573 3129 624 3183 κοιλ
642 3125 778 3192 Ἡσίοδος
801 3131 939 3197 φαίνεται
957 3125 1133 3197 πεποιηκύς.

115 3200 222 3250 Eadem
240 3201 361 3266 repetita
379 3205 443 3250 sunt
460 3215 486 3250 v.
505 3199 603 3264 μῦθος
689 3203 721 3252 10
744 3198 934 3267 ψυχαγωγίαν
953 3199 979 3248 Η
1002 3202 1032 3249 et
1050 3192 1131 3317 Gabi]

114 3260 186 3330 πρὸς
208 3265 400 3334 ψυχαγωγίαν
487 3271 518 3318 12
541 3265 585 3334 τε]
609 3285 636 3320 τι
655 3267 729 3324 SuId.
820 3270 849 3318 1⁷
874 3256 927 3318 σύν
945 3265 1007 3317 add.
1027 3266 1062 3317 Η.
1095 3280 1131 3322 ο,

114 3337 201 3387 ‘MA
220 3341 248 3386 et
265 3335 368 3401 Bergk.
387 3338 466 3386 Poet.
484 3336 535 3400 lyr.
553 3335 599 3387 Gr.
626 3352 652 3402 p.
671 3339 721 3388 555
741 3335 784 3386 ed.
804 3336 853 3386 alt.
939 3336 973 3385 λθ
995 3326 1075 3386 ἐστίν
1093 3330 1130 3401 V]

115 3398 183 3458 ἔστί.
217 3404 365 3454 Platonem
391 3403 516 3454 Imitatur
543 3404 683 3458 Phaedon.
711 3404 779 3454 6113
869 3404 902 3453 λλ
929 3393 1048 3468 ἡδύσμα
1073 3406 1132 3468 pet.

114 3477 147 3524 ‘23
178 3463 268 3525 αύτού
294 3473 321 3527 J.
345 3471 504 3536 Leopardue
531 3472 616 3535 (Mne.
644 3472 767 3526 Rhenan.
791 3471 832 3522 III
857 3486 884 3536 p.
905 3470 962 3536 11),
991 3459 1083 3528 αύνδς
1104 3485 1132 3532 v,

115 3534 191 3592 αύτά
208 3541 276 3591 Rsk.
