2392 3960
478 152 612 204 οεενιο
631 153 694 207 v11
1025 153 1089 243 239

70 277 151 359 τοὺς
177 278 300 364 λόγους
331 277 483 348 πλάττων
509 279 565 348 καὶ
593 277 728 366 μύθους
759 280 920 369 παράγων
952 284 1087 383 πρῶτον

70 387 117 477 τῷ
150 383 194 472 μη
226 383 309 473 πρὸς
342 382 482 474 άνδρας,
514 381 598 453 άλλά
629 410 713 474 προς
744 385 919 468 παῖδας’
897 415 971 475 ητοι
1002 386 1084 458 καθ’
1178 460 1183 464 ,

71 453 252 578 ἡλικίαν”
232 518 252 578 η
281 494 326 582 τῷ
355 505 506 580 φρονεῖν,
534 490 666 572 πάντως
693 490 760 582 (δὲ)
788 495 856 561 τῶν
880 493 990 580 λόγων
1008 493 1085 564 τού-

69 624 139 666 των
171 560 360 685 δεομένους.
405 603 437 666 εί
464 596 525 685 μὲν
558 588 622 666 οὖν
648 593 741 685 ἡμεῖς
773 620 827 667 σοι
858 604 975 682 παῖδες
1003 601 1083 689 ἐφά-
1103 588 1143 668 Β·

42 729 176 791 ιηνημεν
195 712 259 772 είτε
286 701 351 789 ἐμω
371 712 435 772 είτε
458 699 648 784 Ἀνατόλιος
676 700 803 792 οὑτοσί,
823 712 1086 795 συγκαταρίθμει
1168 792 1171 796 Δ

48 809 109 878 »δὲ
141 809 246 901 τούτφ
280 812 335 878 καὶ
367 807 428 878 τὸν
455 810 654 899 Μεμμόριον
685 811 741 879 καὶ
773 810 833 880 τὸν
860 812 1085 900 Σαλούστιον,

69 914 154 1005 πρὸς
186 915 317 996 τούτοις
349 915 401 1003 δέ,
428 922 460 985 εί
484 916 615 1004 βούλει,
647 918 703 984 καὶ
736 915 815 998 τοὺς
848 915 969 998 άλλονς
1002 920 1085 1006 ἑξῆς,

67 1019 261 1110 Ἀντικύρας
293 1042 347 1091 σοι
379 1027 447 1091 δεῖ·
484 1028 520 1091 τί
548 1021 612 1111 γάρ
645 1016 688 1090 άν
720 1020 882 1106 άκκίζοιτό
915 1051 977 1108 τις;
1014 1026 1085 1094 ἐπεὶ

69 1126 155 1218 πρὸς
181 1131 249 1197 των
275 1131 369 1197 θεῶν
396 1130 452 1197 καὶ
478 1127 562 1219 πρὸς
590 1125 697 1197 αύτού
722 1133 784 1198 τού
802 1129 929 1218 μύθου,
958 1133 1085 1217 μάλλον

28 1260 55 1300 10
70 1234 109 1302 δὲ
136 1237 198 1303 τού
225 1238 321 1324 κοινῇ
348 1235 484 1304 πάντων
516 1236 677 1323 βασιλέως
700 1231 832 1324 Ἡλίου,
860 1242 895 1304 τί
920 1256 974 1305 σοι
1001 1239 1086 1325 μέγα

68 1336 89 1428 ἢ
124 1339 243 1431 μικρδν
274 1347 449 1429 πεποίηται
470 1347 601 1432 ,ἕρκους
633 1346 700 1411 τίνι
731 1343 895 1431 παρέστης
926 1339 1085 1429 άγωνιζο-

69 1448 160 1539 μένφ
188 1445 267 1535 μετά
285 1450 346 1516 τού
366 1453 513 1531 δικαίου;
541 1453 617 1517 τίνα
636 1447 863 1539 ἐδεράπενσας
880 1451 1084 1536 πενθοῦντα,
1130 1454 1133 1459 ’

68 1556 116 1645 τῷ
145 1553 232 1644 λόγῳ
261 1553 409 1640 διδάξας,
438 1551 489 1622 ὅτι
517 1552 560 1642 μὴ
588 1552 694 1623 κακὸν
718 1551 735 1623 6
764 1547 913 1636 θάνατος
939 1555 1019 1643 μήτε
1037 1557 1120 1648 τῷῦ

67 1659 216 1728 παθόντι
243 1659 323 1748 μήτε
350 1674 419 1740 τοῖς
448 1665 582 1742 οἰκείοις
609 1657 732 1745 αύτούς
760 1667 809 1742 τίς
838 1658 872 1730 δ’
903 1661 1089 1730 αἰτιάσεταί

24 1792 53 1833 ιι
69 1788 108 1835 σε
136 1768 193 1853 τῆς
220 1767 343 1835 ἑαυτοῦ
369 1773 580 1857 μειρακίσκος
608 1767 841 1857 σωφροσύνης,
863 1764 920 1835 ’ὅτι
947 1773 1084 1855 πεποίη-

67 1901 132 1953 κας
168 1868 274 1941 αύτδν
310 1874 343 1953 ἐξ
376 1868 508 1942 άσωτου
545 1871 706 1962 σώφρονα
743 1875 799 1943 καὶ
831 1871 936 1942 καλὸν
972 1870 1014 1943 ού
1046 1871 1084 1943 τὸ

68 1982 166 2066 σῶμα
194 1978 316 2065 μόνον,
349 1975 432 2048 άλλδι
458 1977 545 2048 πολύ
577 1981 704 2067 μάλλον
735 1977 797 2067 τὴν
828 1977 941 2066 ψυχὴν
968 1984 1086 2067 φαίνε-
1179 1970 1184 1975 ’

67 2096 168 2168 σθαι;
196 2091 271 2153 τίνα
300 2084 337 2153 δὲ
364 2082 506 2173 άσκησιν
529 2084 673 2173 ἐποιήσω
696 2088 758 2154 τού
785 2091 878 2172 βίους
906 2090 942 2152 τί
966 2086 1006 2153 δέ
1032 2104 1086 2153 σοι

67 2189 167 2272 άξιον
197 2194 256 2278 τῆς
284 2193 470 2277 Διογένους
502 2197 683 2280 βακτηρίας
713 2187 734 2280 ἢ
766 2192 823 2259 ναὶ
856 2188 901 2278 μὰ
928 2196 998 2258 Δία
1029 2192 1087 2278 τῆς

18 2326 50 2366 εο
66 2304 257 2387 παρρησίας
297 2305 490 2386 πεποίηται;
532 2303 632 2387 ἔργον
674 2307 736 2366 οίει
776 2298 859 2385 μέγα
900 2301 1086 2385 βακτηρίαν

66 2410 187 2492 λαβεῖν
213 2400 233 2491 ἢ
262 2411 375 2494 τρίχας
402 2402 542 2492 άνεῖναι,
569 2405 625 2473 καὶ
651 2416 860 2494 περινοστεῖν
886 2400 945 2483 τάς
971 2401 1084 2483 πόλεις
1101 2413 1127 2467 D

67 2512 128 2580 καὶ
154 2509 194 2578 τά
223 2510 438 2600 στρατόπεδα,
465 2512 609 2591 καὶτοῖς
636 2509 697 2598 μὲν
717 2515 898 2598 βελτίστοις
922 2515 1083 2598 λοιδορεῖ-

67 2628 163 2703 σθαι,
191 2614 270 2698 τούς
298 2616 335 2685 δὲ
363 2623 548 2707 χειρίστους
570 2616 786 2705 θεραπεύεινς
815 2614 885 2684 εἰπὲ
912 2613 995 2705 πρὸς
1022 2616 1085 2683 τού

66 2721 157 2804 Διὸς
192 2725 248 2792 καὶ
285 2722 368 2813 πρὸς
404 2725 547 2793 τουτωνὶ
584 2726 653 2791 τῶν
690 2720 928 2812 ἀκροωμένων,
966 2726 1002 2791 οἳ
1036 2717 1081 2788 δι’

17 2855 48 2899 ει
66 2826 157 2917 ύμάς
188 2828 250 2917 τὴν
281 2836 487 2918 φιλοσοφίαν
519 2831 746 2920 ἐκτρέπονται,
778 2823 858 2896 ἀνθ’
889 2825 970 2896 ὅτου
1002 2824 1086 2915 πρὸς

66 2936 132 3025 μὲν
158 2935 217 3005 τὸν
249 2942 434 3025 μακαρίτην
461 2936 699 3005 Κωνστάντιον
730 2939 778 3015 είς
802 2931 944 3010 Ἰταλίαν
971 2923 1085 3020 ἦλθες,

66 3040 181 3112 ούκέτι
208 3044 322 3131 μέντοι
340 3044 395 3111 καὶ
418 3043 512 3130 μέχρι
534 3045 602 3110 τῶν
621 3044 773 3110 Γαλλίων
802 3030 949 3127 [ἦλθες];
977 3045 1086 3107 καίτοι

64 3150 249 3238 πορευθεὶς
276 3148 359 3239 πρὸς
385 3145 481 3236 ἡμᾶς,
509 3153 540 3216 εί
565 3147 670 3236 μηδὲν
697 3145 793 3231 άλλο,
822 3147 971 3226 ξυνεῖναι
998 3145 1085 3230 γοῦν
1180 3208 1183 3213 ,

140 3322 278 3400 lemno
281 3315 353 3371 ὠτον
372 3313 422 3388 τῷ]
443 3310 538 3384 δράτω
556 3317 641 3369 τούτο
659 3319 686 3368 Η
755 3309 828 3383 2μὴ
847 3307 904 3366 άνδ
906 3315 1016 3392 ραςν
1069 3315 1086 3363 3

65 3383 122 3458 τῷ]
142 3382 173 3437 τδ
193 3392 248 3452 pet,
277 3387 280 3452 λ
309 3381 341 3439 δὲ
361 3371 422 3438 add
442 3387 470 3436 H
507 3382 728 3466 4δεομένους
746 3381 785 3452 Η]
795 3332 942 3464 δεόμενος
969 3385 973 3439 1
1000 3371 1088 3445 ἡμας

66 3471 114 3507 σοι
133 3453 238 3513 παῖδες
256 3453 291 3520 V]
312 3470 356 3506 σοι
373 3445 514 3537 παῖδες
497 3459 582 3520 ημεῖς
650 3455 666 3504 6
686 3445 884 3504 Σαλλούστιον
903 3448 999 3515 spanh
1068 3447 1090 3512 β

66 3517 136 3574 οἱντλ
156 3516 245 3588 κύρας
263 3523 288 3573 V
356 3525 389 3574 27
407 3509 498 3590 ηλθες
516 3523 595 3574 uncis
612 3520 727 3572 inclusit
745 3521 773 3572 H

123 3615 228 3657 Iulianus
241 3616 260 3658 L
849 3607 881 3655 19
