2370 3908
122 221 186 285 222
426 224 570 275 mmm
588 223 692 275 τνεει·
704 221 835 271 ,εοεαε

124 348 285 438 ἀμείνονα
322 350 377 418 καὶ
414 351 676 437 θεοφιλεστέραν
713 349 815 434 λῆξιν.
866 342 954 415 ούτω
991 372 1044 415 τοι
1082 346 1142 414 καὶ

123 456 183 525 τὸν
207 454 319 523 ’Ἀττιν
352 452 393 524 ού
420 462 710 545 κατεχθραίνουσα
743 452 823 540 μετά
842 451 913 547 ρὴν
946 450 1091 540 ἐκτομὴν
1117 447 1140 538 ἡ

125 563 245 650 Μήτηρ
273 564 414 648 λέγεται,
448 560 530 631 ἀλλά
564 559 745 648 ἀγανακτεῖ
769 559 829 647 μὲν
858 556 983 646 οὐκέτι,
1012 555 1140 644 ἀγανα-

124 671 249 736 κτούσα
278 667 315 736 δὲ
343 670 470 754 λέγεται
498 668 554 737 διὰ
581 667 644 756 τὴν
662 666 924 754 συγκατάβασιν,
953 663 1004 733 ότι
1031 670 1140 753 κρείτ-

86 790 193 844 Οτων
226 770 274 842 ἀν
301 776 356 843 καὶ
384 773 465 856 θεὸς
492 780 616 843 ἔδωκεν
648 770 769 842 ἑαυτὸν
801 776 847 865 τῷ
879 773 1166 861 καταδεεστέρῳ·ε

125 880 299 968 στήσαντα
325 880 362 949 δὲ
395 878 499 950 αύτὸν
531 884 589 968 τῆς
621 877 770 969 ἀπειρίας
801 879 863 968 τὴν
895 878 1046 968 πρόοδον
1084 878 1142 945 καί

125 985 161 1056 τὸ
195 983 385 1075 ἀκόσμητον
417 991 515 1055 τούτο
547 987 762 1074 κοσμήσαντα
790 984 847 1054 διὰ
874 988 932 1073 τῆς
963 981 1047 1071 πρὸς
1081 981 1141 1052 τὸν

127 1092 320 1181 ἰσημερινὸν
352 1094 477 1162 κύκλον
509 1099 734 1181 συμπαθείας,
767 1090 823 1161 ἵνα
852 1088 869 1160 ὁ
899 1094 1001 1180 μέγας
1024 1087 1142 1171 Ἥλιος

126 1203 184 1286 τῆς
212 1196 398 1287 ὡρισμένης
424 1200 585 1287 κινήσεως
612 1197 649 1267 τό
673 1199 878 1267 τελειότατον
905 1200 1055 1287 κυβερνᾷ
1083 1198 1139 1284 μέ-

127 1332 218 1392 τρου,
240 1302 404 1390 ’έπανάνει
422 1304 505 1394 πρὸς
533 1304 656 1393 ἑαυτὴν
674 1302 694 1392 ἡ
713 1303 794 1386 θεὸς
822 1303 982 1392 ἀσμένως,
1010 1306 1140 1391 μᾶλλον
1154 1324 1180 1367 ιο

128 1410 165 1478 δὲ
193 1417 257 1498 ἔχει
284 1409 362 1500 παρ’
394 1414 504 1501 ἑαυτῇ.
550 1414 604 1480 καὶ
638 1409 797 1480 ούδέποτε
825 1413 979 1497 γέγονεν,
1012 1406 1068 1479 ὅτε
1096 1407 1142 1498 μὴ

126 1520 230 1585 ταῦτα
257 1521 380 1586 τούτου
408 1517 473 1606 εἶχε
499 1517 559 1586 τὸν
581 1518 719 1607 τρόπον,
748 1515 849 1607 όνπερ
867 1521 934 1586 νύν
960 1522 1036 1604 ἔχει,
1066 1513 1140 1584 ἀλλ’

128 1619 178 1691 ἀεὶ
207 1623 267 1711 μὲν
287 1622 395 1705 ’Ἀττις
414 1626 504 1693 ἐστὶν
522 1621 692 1713 ὑπουργὸς
719 1628 759 1714 τῇ
778 1625 891 1713 Μητρὶ
909 1625 965 1691 καί
992 1617 1143 1711 ἡνίοχος,

83 1727 177 1798 Βάεὶ
211 1730 248 1797 δέ
281 1727 365 1821 ὀργᾷ
397 1737 444 1811 εἰς
479 1730 542 1820 τὴν
575 1732 721 1818 γένεσιν,
759 1729 810 1799 ἀεὶ
848 1730 886 1800 δὲ
922 1726 1143 1816 ἀποτέμνεται

127 1834 189 1924 τὴν
221 1833 375 1925 ἀπειρίαν
408 1836 464 1906 διδι
495 1840 554 1926 τῆς
582 1832 768 1926 ὡρισμένης
798 1840 866 1905 τῶν
894 1838 996 1905 εἰδῶν
1023 1842 1179 1917 αἰτίαςσ

128 1944 375 2030 ἐπαναγόμενος
403 1945 440 2012 δὲ
468 1942 578 2034 ὥσπερ
611 1947 647 2013 έκ
674 1948 734 2032 γῆς
765 1947 834 2012 τῶν
861 1940 1010 2031 ἀρχαίων
1038 1934 1144 2024 αὖθις

128 2051 255 2137 λέγεται
288 2051 507 2120 δυναστεύειν
538 2049 729 2140 σκήπτρων,
762 2048 911 2120 ἐκπεσὼν
937 2049 999 2137 μὲν
1027 2045 1142 2118 αὐτῶν

129 2154 285 2244 οὐδαμῶς
318 2154 399 2226 οὐδὲ
435 2161 616 2243 ἐκπίπτων,
649 2160 800 2226 έκπεσείν
833 2156 870 2225 δὲ
903 2153 1015 2224 αὐτῶν
1047 2156 1142 2242 λεγό-

128 2290 227 2349 μενος
256 2263 312 2332 διὰ
338 2262 401 2352 τὴν
428 2262 512 2354 πρὸς
538 2262 575 2332 τὸ
604 2262 759 2352 παθητὸν
787 2263 953 2351 σύμμιξιν.

205 2367 306 2438 Ἀλλ’,
329 2373 436 2439 έκεῖνο
475 2380 554 2451 ἰσως
596 2367 690 2451 ἀξιον
726 2371 993 2460 προσαπορῆσαι·
1030 2370 1181 2455 διττῆςεο

76 2474 195 2566 172γάρ
224 2474 327 2565 ούσης
358 2479 417 2565 τῆς
450 2483 635 2566 ἰσημερίας,
673 2474 714 2546 ού
745 2475 807 2564 τὴν
839 2479 876 2544 ἐν
907 2490 979 2556 ταῖς
1014 2482 1143 2563 χηλαῖς,

128 2581 189 2669 τὴν
217 2582 254 2650 δὲ
282 2585 318 2650 έν
345 2586 391 2674 τῷ
423 2587 505 2675 κριῷ
532 2587 724 2673 προτιμῶσι.
769 2590 819 2664 τίς
847 2574 911 2651 ούυ
942 2586 1032 2649 αἰτία
1064 2581 1142 2651 τού-

127 2715 203 2774 του,
237 2687 387 2778 φοινερὸν
420 2690 603 2777 δήπουθεν.
650 2687 762 2777 ἐπειδὴ
792 2688 855 2779 νάρ
888 2685 969 2776 ἡμῖν
1001 2683 1019 2756 ὁ
1047 2685 1143 2775 ἥλιος

129 2792 262 2884 ἀρχεται
288 2796 363 2864 τότε
389 2796 579 2884 πλησιάζειν
606 2794 671 2864 ἀπὸ
700 2799 757 2884 τῆς
786 2801 972 2885 ἰσημερίας,
1000 2790 1141 2882 αὐξομέ-

129 2928 190 2989 νης
218 2900 309 2990 οἶμαι
336 2904 394 2990 τῆς
420 2899 554 2991 ἡμέρας,
583 2904 697 2984 ἔδοξεν
725 2894 822 2984 οὗτος
850 2898 868 2971 ό
896 2898 1011 2990 καιρδς
1038 2896 1182 2990 ἀρμο-ὶῡ

130 3008 294 3098 διεότερος.
340 3012 401 3090 ἔξω
435 3008 498 3099 γὰρ
530 3013 588 3096 τῆς
619 3014 741 3096 αἰτίας,
777 3007 798 3098 ἦ
832 3030 914 3096 φησι
945 3021 1017 3087 τοίς
1047 3016 1144 3087 θεοῖς

130 3112 216 3183 εἶναι
248 3115 285 3184 τὸ
319 3118 392 3202 φῶς
424 3115 633 3206 σύνδρομον,
666 3122 753 3203 ἔχειν
785 3120 915 3195 οἰκείως
945 3114 1145 3183 πιστευτέον

129 3236 199 3304 τοῖς
231 3220 403 3310 ἀφεθῆναι
434 3226 493 3311 τῆς
524 3226 683 3309 γενέσεως
715 3222 898 3291 σπεύδουσι
924 3218 983 3300 τὰς
1010 3215 1144 3306 ἀναγω-

104 3438 174 3528 ᾱῆῑι
215 3467 247 3516 12
265 3459 325 3531 εἶχε
342 3462 379 3531 Η]
398 3459 457 3531 ἔχει
544 3467 576 3516 14
597 3458 669 3596 δρηὲ
688 3461 730 3525 εἰς
748 3465 807 3514 Pet.
828 3468 857 3513 et
874 3430 1021 3541 Ruhinkqn.
1040 3460 1078 3511 εδ
1095 3460 1147 3513 Τί-

104 3531 192 3594 μέϊηξ
210 3531 239 3598 ξ»
260 3551 286 3598 p.
306 3530 367 3598 194]
392 3526 498 3597 ὁργίζει
516 3534 552 3596 V,
576 3527 647 3600 ὄρμό
665 3549 690 3584 ει
712 3549 731 3584 v
816 3533 849 3581 22
872 3542 1050 3597 προτιμωσιν
1067 3526 1142 3597 Pet]

104 3576 141 3648 §qo
172 3599 326 3656 περίνοια
394 3604 427 3652 27
445 3597 615 3654 πιστευτέον
632 3598 671 3668 Η]
691 3598 829 3651 πιστεύον
918 3602 931 3661 ,·“
