2392 3960
501 161 639 214 οιιιυεο
656 162 719 214 vn.
1044 160 1109 225 309

91 289 149 357 καὶ
176 283 249 369 ταῖς
267 285 360 368 ὅλαις
386 291 455 356 των
481 291 575 357 θεων
593 285 733 376 οὐσίαις,
760 294 799 357 αἲ
822 287 883 358 τόν
910 286 991 359 όλον
1009 290 1107 378 κοινῇ

93 395 221 483 κόσμον
249 395 537 484 ἐπιτροπεύουσιν,
565 391 636 463 ἀλλ’
668 392 710 464 ού
737 410 810 476 ταῖς
837 394 979 485 τὰμέρη
1007 422 1107 464 κατοι
1158 415 1161 419 ’

93 502 306 589 νειμαμέναις
334 499 450 589 αύτού,
478 498 535 570 διὰ
562 501 866 591 μεγαλοφροσύνην
894 498 997 583 ιἰξιῶν
1025 523 1108 590 συμ

92 606 342 705 πολιτεύεσθαι·
374 607 412 678 τό
440 635 475 677 τε
506 607 651 696 νόμιμον
684 605 726 678 ού
758 610 886 699 παρέβη
920 613 1016 677 αἰδοῖ
1040 611 1110 699 τῶν

65 717 196 800 ιθεῶν,
224 720 332 783 καίτοι
350 705 451 783 τᾶλλα
478 716 594 783 πατῶν
616 715 673 783 καὶ
699 714 974 805 παραχαράττων
1003 710 1108 784 αύτόν
1125 721 1149 777 Β
1167 728 1171 733 ’

92 849 128 890 τε
147 818 210 889 ούκ
238 819 457 909 ἐπανήγαγεν,
484 817 569 889 ὅθεν
587 817 731 909 ἅσμενος
752 817 973 910 ήλευθέρωτο.
1014 826 1049 889 τί
1074 817 1106 890 δ’

92 919 137 1014 ήν
164 930 278 1008 τούτω
311 925 348 995 τὸ
376 927 503 1008 πόλεως
530 930 607 1015 μιᾶς
633 930 815 996 δουλεῦσαι
841 927 958 1014 νόμοις
986 927 1109 996 ἑαυτόν

92 1060 128 1101 τε
156 1029 336 1102 ὑποθεῖναι
362 1033 486 1125 τούτω,
520 1031 600 1142 ήπερ
629 1025 672 1121 ἦν
705 1030 834 1121 ύνύγκη
862 1043 986 1103 παθεῖν
1011 1029 1108 1120 Ἀθη-

93 1146 178 1231 ναίφ
207 1141 384 1232 γενομένῳ.
429 1143 499 1221 πῶς
526 1138 590 1228 γὰρ
618 1136 680 1209 ούκ
713 1145 847 1228 ἔμελλεν
875 1135 892 1209 ό
921 1142 990 1209 των
1016 1142 1109 1209 θεῶν

52 1280 78 1317 10
94 1249 206 1314 ἕνεκεν
234 1251 281 1326 είς
305 1243 489 1335 Ὀλυμπίαν
517 1251 672 1334 βαδίζων,
700 1242 718 1315 ὁ
743 1249 789 1339 τῷ
808 1251 932 1338 Πυθίῳ
960 1247 1111 1328 πεισθεὶς
1142 1242 1145 1247 ’

92 1355 150 1421 καὶ
168 1352 401 1441 φιλοσοφήσας
420 1350 530 1442 ὥσπερ
549 1353 730 1442 Σωκράτης
758 1349 926 1443 [ύστερον,
955 1347 999 1434 ὡς
1024 1349 1108 1442 Ἀρι-

94 1461 277 1546 στοτέλης]·
310 1461 394 1548 φησὶ
421 1457 484 1550 γόιρ
517 1460 572 1528 καὶ
600 1455 702 1540 αύτὸς
734 1457 823 1528 εἶναι
849 1457 988 1528 Πύθιον
1022 1467 1109 1528 οίκοι

93 1563 174 1656 παρ’
204 1567 322 1656 ἑαυτῷ,
346 1564 433 1636 ὅθεν
452 1562 543 1658 αύτῷ
562 1567 618 1634 καὶ
637 1561 658 1654 ἡ
687 1561 772 1657 ὁρμὴ
791 1564 875 1655 πρὸς
902 1571 1109 1654 φιλοσοφίαν

94 1673 238 1758 ἐγένετο·
267 1671 341 1760 [μή]
369 1674 524 1763 παριέναι
542 1675 611 1740 τῶν
629 1669 825 1763 ἀνακτόρων
843 1681 921 1740 είσω
940 1673 996 1741 καί
1015 1671 1174 1760 μόλαιεθι

55 1805 81 1845 15
96 1775 261 1866 ἀσμένως,
290 1784 321 1846 εἰ
346 1777 390 1867 μή
418 1781 517 1847 τούτο
546 1779 687 1859 ἐξέκλινε
719 1776 756 1848 τὸ
785 1774 967 1848 ύποθελναι
994 1777 1111 1866 νόμοις
1150 1800 1159 1812 ‘

95 1882 216 1954 ἑαυτὸν
243 1887 299 1953 καὶ
328 1888 454 1955 δούλου
481 1881 656 1973 ἀποφῆναι
673 1890 854 1968 πολιτείας;
882 1881 965 1952 ἀλλὰ
994 1882 1051 1954 διὰ
1077 1890 1112 1952 τί

94 1990 139 2079 μὴ
167 1989 291 2078 ταύτην
319 1988 425 2081 αύτήν
452 1988 523 2060 εἷπε
549 1987 612 2078 τήν
640 1996 761 2077 αἰτίαν,
789 1993 825 2060 ἐκ
851 1993 920 2058 τῶν
948 1992 1111 2058 ἐναντίων

95 2097 133 2165 δὲ·
160 2095 221 2186 τήν
248 2100 522 2188 παραιρουμένην
541 2094 583 2166 ού
602 2095 724 2187 σμικρὰ
741 2099 800 2184 τής
821 2098 890 2165 τῶν
917 2101 1111 2185 μυστηρίων
1141 2182 1145 2188 ¹

95 2203 308 2292 σεμνότητος;
337 2213 417 2286 ἴσως
444 2203 505 2293 μὲν
533 2201 576 2272 όν
602 2231 652 2285 τις
678 2201 720 2273 τό
747 2204 886 2273 τοιαῦτα
913 2202 970 2270 καὶ
988 2209 1109 2270 Πυθα-

54 2336 80 2374 oo
95 2311 182 2400 γόρηι
213 2309 354 2398 μάλιστα
387 2309 613 2399 ἐπισκήψειεν,
650 2307 713 2380 ούκ
745 2307 860 2401 ὀρθῶς
891 2307 1110 2396 λογιζόμενος.

95 2414 173 2485 ούτε
200 2414 264 2504 γὰρ
292 2419 412 2506 ῥητέον
438 2417 547 2486 πάντα
574 2419 680 2504 ἐστίν,
709 2413 822 2485 αύτῶν
849 2442 885 2484 τε
913 2412 1005 2502 οἶμαι
1033 2413 1110 2483 τού·
1185 2472 1191 2477 .

94 2551 178 2608 των,
217 2513 265 2591 οἷν
296 2525 394 2612 θέμις
427 2523 548 2611 φύναι,
585 2528 659 2592 ἐνια
695 2520 780 2613 πρὸς
812 2519 928 2612 (τούς)
965 2519 1111 2602 πολλοὺς
1145 2512 1151 2609 ¹,

94 2631 281 2717 σιωπητέον
309 2628 399 2699 εἷναί
423 2658 479 2719 μοι
507 2636 671 2720 φαίνεται.
708 2627 904 2720 φανερόιόέ
932 2623 1022 2716 ὅμως
1040 2627 1108 2694 ἐστὶ
1128 2638 1154 2692 D

94 2736 153 2805 καὶ
178 2734 308 2804 τούτων
335 2732 356 2825 ἡ
385 2741 482 2806 αίτία.
518 2735 728 2824 κατανοήσας
745 2733 810 2826 γὰρ
838 2731 1025 2824 ἀμελοῦντα
1049 2732 1110 2821 μὲν

50 2868 78 2908 ιω
94 2845 155 2930 τῆς
180 2843 256 2931 περὶ
282 2841 343 2911 τὸν
370 2849 449 2930 βίον
477 2839 671 2934 ὀρθότητος,
700 2843 752 2911 ἐπὶ
781 2841 818 2911 δέ
844 2844 890 2934 τῷ
918 2843 1111 2928 μεμυῆσθαι

165 2997 181 3045 5
198 2983 288 3046 τᾶλλα
307 2995 405 3062 sponh.
425 2995 429 3054 Ι
451 2987 540 3048 αύτὸν
558 2998 583 3048 V
651 2997 667 3046 9
684 2987 739 3047 ούιι
757 2994 833 3046 dolet
850 2994 928 3056 Rsk„
947 3008 999 3058 ego
1017 2979 1111 3058 potius

97 3065 129 3112 14
156 3059 194 3128 μὴ
224 3062 519 3141 εεριειιρευόωωθοεεε
547 3078 665 3143 oonsoot
697 3065 755 3143 ‚10
782 3055 880 3114 ἕνεκεν
902 3058 939 3128 Η]
968 3058 1081 3143 είρειιεν
1105 3058 1109 3126 Ι

94 3127 230 3195 βαδίζειν
247 3136 302 3195 pet.
375 3133 405 3183 11
424 3145 546 3195 υοτερον
564 3145 627 3197 ogo,
645 3146 683 3190 ως
701 3125 889 3198 Αριστοτέλης
907 3128 1041 3180 Ρολετιωο
1059 3127 1110 3179 tol·

96 3195 178 3248 lenda
197 3211 258 3248 osse
275 3202 403 3263 putamus
490 3202 522 3250 17
541 3191 634 3264 αύτὴν
653 3198 733 3249 deest
751 3199 781 3248 in
799 3201 855 3264 pet.
943 3199 977 3247 20
993 3187 1112 3261 ἐποική-

95 3260 194 3331 φειεν]
219 3265 348 3331 „Incipio
371 3282 444 3318 nuno
466 3267 569 3330 vereri,
591 3281 627 3317 no
644 3265 781 3330 Iulianos,
805 3265 869 3317 oevi
887 3264 931 3315 sui
948 3263 1111 3315 soloecismo
1185 3278 1191 3285 ·

95 3333 239 3398 deeeptus,
257 3325 446 3399 ἐπισκήπτειν
463 3335 641 3400 usurpaverit
659 3348 708 3399 pro
726 3324 956 3400 ἐπισκήπτεσθαι
976 3333 1049 3396 queri
1066 3329 1112 3380 vel

94 3406 223 3452 incusare.
259 3401 338 3466 cujus
361 3402 402 3453 roi
423 3403 534 3453 memini
552 3400 611 3466 jom
635 3416 718 3467 supro
740 3417 767 3467 p.
787 3401 870 3452 186ss
898 3400 992 3464 legero
1020 3413 1111 3448 exom-

95 3468 200 3535 plom.“
219 3469 286 3520 Rsk.
356 3472 388 3520 21
412 3462 490 3521 ἐστὶν
507 3466 542 3536 V]
563 3460 626 3520 ἐστί
693 3470 726 3520 22
750 3464 887 3534 φᾶναιῗ
919 3467 924 3532 Ι
956 3458 1024 3525 τούς
1042 3467 1111 3517 πολ-

95 3530 165 3596 λούς
182 3531 221 3601 Η]
241 3530 365 3596 πολλούς
1076 3549 1078 3555 ·
