2392 3960
476 212 611 264 ORATIO
629 213 653 266 I.
1031 210 1072 274 37

55 366 211 427 ποταμον
239 340 461 426 ἐπαφιέμενον
489 340 593 407 οίονεὶ
620 338 813 428 μηχάνημα,
846 342 993 426 συνεχῶς
1020 341 1073 427 ῥέ-

57 474 140 517 οντα
168 447 225 514 καλ
252 445 551 535 προσρηγνύμενον
579 459 648 525 τοῖς
674 451 809 532 τείχεσι,
841 445 900 525 τάς
927 472 961 512 τε
989 440 1073 534 ὑπὲρ

55 556 126 621 τῶν
154 547 291 620 ὑδάτων
318 552 423 638 μάχας
449 553 505 620 καὶ
533 548 609 620 ὅσαι
637 553 711 640 περὶ
744 554 789 643 τῷ
817 558 915 638 τείχει
942 578 1073 620 κατενε·

56 660 175 747 χθέντι
203 657 391 743 γεγόνασιν.
428 659 501 745 ἐμοὶ
528 656 590 745 μέν
609 649 682 745 οὖν,
711 654 791 745 ὅπερ
819 664 916 745 ἔφην,
944 654 1072 745 ἀπόχρη

29 756 115 833 οκαλ
141 766 260 832 ταῦτα·
292 761 333 831 τὰ
361 763 538 851 λειπόμενα
571 766 611 832 δέ
635 766 704 831 ἐστι
736 767 850 855 μακρῷ
885 763 1073 852 σεμνότερα.

56 872 116 939 καὶ
142 867 245 957 τυχὸν
267 862 428 957 Ιούδαμῶς
456 867 597 955 εύλογον
616 867 701 950 ἅπαξ
730 869 889 956 ἑλόμενον
916 865 1114 938 ἆπύντωνΒ

57 978 92 1057 ές
120 976 267 1063 δύναμιν
299 979 492 1063 μνησθῆναι
524 978 593 1043 τῶν
621 996 675 1044 σοι
702 977 948 1064 πραχθέντων,
972 972 1075 1061 ιἰκμα-

58 1084 192 1165 ζουσῶν
210 1088 257 1150 έιι
284 1085 352 1149 τῶν
370 1079 533 1170 πράξεων,
560 1079 696 1169 ἀφεῖναι
714 1080 776 1169 τήν
805 1082 969 1169 διήγησιν.
1012 1078 1075 1149 ὅσα

57 1188 120 1276 μὲν
154 1179 218 1256 οὖν
251 1193 297 1255 ἐτι
330 1202 401 1268 τοῖς
432 1194 542 1277 ἔργοις
568 1187 860 1277 προσκαθήμενος,
894 1179 942 1255 ῶν
969 1190 1074 1279 μικρῷ

19 1312 45 1353 1⁰
57 1294 213 1383 πρόσθεν
253 1292 441 1382 ἐμνήσθην,
478 1296 552 1383 περὶ
589 1292 651 1383 τήν
687 1291 856 1382 Εὐρώπην
897 1293 1074 1385 διῴκησας,

57 1405 237 1489 πρεσβείας
262 1401 400 1486 πέμπων
419 1401 475 1468 καὶ
503 1397 693 1469 ἀναλίσκων
716 1401 864 1489 χρήματα
891 1401 947 1468 καλ
975 1420 1073 1488 στρα-

56 1505 183 1575 τόπεδα
215 1503 256 1573 τὰ
282 1505 545 1594 προσκαθήμενα
577 1520 648 1587 τοῖς
674 1505 829 1586 Σκύθαις
861 1508 898 1574 έν
925 1512 1073 1595 Παιονίη

57 1613 249 1699 ἐκπέμπων,
281 1615 342 1680 τοῦ
375 1610 418 1699 μή
451 1615 662 1700 κρατηθῆναι
693 1610 754 1679 τὸν
781 1611 972 1700 πρεσβύτην
1004 1607 1070 1680 ὑπὸ

56 1721 119 1787 τοῦ
146 1717 319 1805 τυράννου
346 1721 514 1806 προνοῶν,
541 1721 611 1798 πῶς
638 1715 682 1785 ἄν
700 1745 749 1799 τις
776 1721 814 1786 ἐν
840 1724 959 1807 βραχεῖ
983 1717 1072 1808 λόγῳ

19 1826 269 1914 ῑῡπαραστήσαι
303 1823 440 1892 δύναιτο
473 1825 528 1892 καλ
556 1824 645 1892 πάνυ
679 1824 893 1906 σπουδάζων;
926 1824 996 1892 ἐπεὶ
1025 1825 1112 1910 δέ,0

56 1926 123 2019 ήδη
157 1949 221 1998 σου
257 1927 341 2018 πρὸς
376 1928 437 1999 τὸν
472 1930 617 2017 πόλεμον
650 1925 863 2019 ῶρμημένου,
901 1927 963 1998 ούκ
996 1927 1072 1999 οἶδα

56 2032 139 2125 παρ’
175 2032 255 2104 ὅτου
288 2036 460 2122 δαιμόνων
493 2038 673 2125 ἐξαιρεθεὶς
709 2036 768 2104 τὸν
804 2038 891 2104 νοῦν
922 2036 978 2104 καὶ
1014 2034 1073 2116 τδις

57 2144 186 2230 φρένας
214 2136 231 2208 ὁ
259 2142 340 2221 τέως
367 2141 482 2222 πιστὸς
509 2157 622 2229 μενεῖν
655 2141 763 2230 φύλαξ
792 2141 1074 2228 ἐπαγγελλόμενος

55 2248 111 2317 καὶ
140 2246 285 2336 χρήμασι
312 2249 368 2315 καὶ
388 2251 622 2336 στρατοπέδοις
640 2250 695 2317 καὶ
723 2262 793 2328 τοῖς
810 2245 921 2327 ἄλλοις
948 2244 1073 2316 ἅπασιν

19 2348 122 2423 ὓύπὸ
153 2355 218 2422 σού
247 2354 508 2443 περισωζόμενος
534 2355 672 2444 εἰρήνην
701 2350 893 2442 ῶμολόγησε
915 2355 960 2445 τῷ
988 2354 1072 2422 πάν-

54 2486 124 2529 των
152 2456 345 2546 ἀνθρώπων
378 2456 591 2553 ιἰνοσιωτιίτῳ
619 2463 675 2530 καὶ
707 2465 853 2552 πολεμίῳ
886 2462 983 2547 κοινή
1011 2458 1073 2547 μέν

56 2560 231 2651 ἆπύντων,
269 2561 405 2646 ὁπόσοις
441 2566 575 2656 εἰρήνης
607 2570 696 2655 μέλει
727 2569 783 2635 καὶ
815 2563 877 2654 τήν
910 2561 1073 2653 ὁμόνοιαν

57 2674 94 2741 ἐκ
120 2669 247 2751 παντὸς
279 2674 492 2760 στέργουσιν,
526 2678 596 2763 ίδίηι
630 2673 667 2741 δέ
700 2675 754 2741 σοὶ
782 2674 838 2742 καὶ
869 2675 972 2741 πλέον
1002 2675 1114 2743 τῶνΙ)

57 2774 182 2846 ἄλλων·
210 2774 287 2846 ούτε
307 2782 435 2859 ἔδεισας
461 2781 521 2865 τής
538 2782 750 2868 παρασκευῆς
773 2778 810 2849 τὸ
830 2780 972 2865 μέγεθος
996 2775 1073 2847 ούτε

21 2878 208 2951 ὔύπίστων
236 2880 372 2972 ἀνδρῶν
400 2885 587 2973 ξυμμαχίαν
614 2888 715 2954 πλέον
742 2881 904 2970 ὑπέλαβες
931 2888 990 2972 τής
1017 2890 1072 2972 έμ-

57 3016 186 3077 φρονος
212 2988 355 3076 γνῶμης.
392 2993 543 3075 ἐγκαλῶν
570 2993 618 3079 δέ,
647 2987 692 3072 ῶς
710 2992 808 3079 εἰκός,
835 2994 880 3082 τῷ
909 2990 970 3077 μέν
997 2988 1072 3059 ιἰπι-

56 3102 163 3181 στίαυ,
191 3097 237 3186 τῷ
266 3094 302 3162 δὲ
330 3094 414 3185 πρὸς
432 3096 535 3185 ταύτη
562 3097 714 3187 πράξεων
733 3101 864 3185 ἐναγῶν
891 3099 947 3165 καὶ
965 3123 1071 3186 παρα-

122 3242 222 3309 θπερλ
242 3245 277 3311 V]
294 3241 383 3313 παρὰ.
418 3249 480 3299 vid.
500 3250 565 3300 27Β
584 3250 648 3301 620
668 3248 733 3299 660
753 3250 815 3300 740
886 3243 979 3301 ὅέστι
998 3246 1068 3315 VM]

56 3308 97 3367 ἐτι
168 3316 184 3364 7
206 3306 236 3373 ἐς
254 3313 323 3380 VM]
343 3312 385 3374 εἰς
411 3314 416 3379 Ι
443 3309 472 3375 ἐς
496 3309 624 3380 δύναμιν
641 3309 778 3368 ἁπάντων
795 3319 819 3368 V
845 3319 850 3381 Ι
877 3314 921 3369 οολ
939 3319 968 3366 Μ
1038 3320 1071 3368 18

55 3386 154 3445 μενεῖν
166 3378 207 3447 Η]
226 3377 325 3447 μένειν
376 3385 410 3433 20
427 3376 484 3436 ύπὸ
497 3384 549 3436 σού
566 3384 633 3448 VM]
652 3376 708 3436 ύπό
727 3399 778 3435 σου
829 3388 862 3437 23
881 3383 926 3436 σοὶ
944 3381 1070 3448 Schaeffl

54 3462 98 3501 σοι
120 3466 154 3512 ν,
179 3448 231 3499 σοῦ
254 3450 335 3513 Rsk„
360 3466 412 3517 quo
436 3452 554 3503 admisso
578 3453 731 3503 addendum
753 3443 771 3518 ή
796 3458 857 3516 post
879 3449 967 3503 πλέον
1035 3453 1070 3502 25

53 3512 268 3637 πήέον]γπλέον
291 3512 389 3584 fleur?
466 3522 501 3571 25
518 3524 547 3571 et
565 3522 598 3570 26
622 3511 765 3586 εὔφρονος
786 3519 811 3570 V
888 3522 921 3569 27
943 3513 1067 3586 ἐναγῶν]

51 3600 143 3639 ανον
