2370 3908
104 194 146 258 56
409 195 552 247 IULIANI
573 191 822 246 IMPERATORIS

107 324 290 410 διανέμειν·
320 317 387 390 ἀλλ’
418 326 449 389 εί
475 319 518 409 μη
547 321 603 390 καὶ
630 323 800 408 βασιλείας
827 320 915 388 ἕλοιο
944 318 1123 406 κοινωνόν,

105 425 190 517 ὑπὲρ
218 419 257 516 ἦς
288 430 453 498 τοσούτου
484 422 667 515 ὑπομείνας
699 425 807 495 πόνον
834 423 872 494 τὸ
905 428 972 494 των
998 425 1123 515 πυράν-

53 552 88 602 4ο
106 563 177 603 νων
204 537 301 621 γένος
328 531 513 623 ἀνῄρηκας,
541 530 643 602 οὐδὲν
671 531 766 614 ἀξιον
793 532 862 600 τῶν
890 534 1019 601 σαυτοῦ
1046 559 1123 600 κατ-

107 641 314 730 ορθωμάτων
342 646 443 729 ἔργον
470 635 639 727 ὑπέλαβες.
680 640 737 708 καὶ
765 636 816 734 ότι
847 637 892 727 μὴ
919 643 1014 730 χρείη
1041 640 1124 725 μάλ·

105 757 166 816 λον
202 743 223 835 ἢ
260 750 305 839 τῷ
342 753 486 837 χαίρειν
511 745 620 814 πάντα
657 745 871 835 δωρούμενος
906 745 959 813 ἐπὶ
995 742 1151 832 ταύτηνε

54 866 59 875 ’
107 851 262 943 ὥρμησας
284 852 346 942 τὴν
365 852 514 941 γνώμην,
543 849 667 921 άπασιν
687 850 778 940 οἶμαι
797 850 968 941 γνώριμον
995 850 1124 938 γίγονε.

106 962 174 1029 τῶν
201 959 263 1048 μὶν
291 959 354 1049 γάρ
372 957 455 1050 πρὸς
473 957 553 1040 τοὺς
578 958 768 1048 τυράννους
795 954 937 1045 ἀγόνων
955 953 1124 1026 κοινωνὸν

107 1062 168 1153 οὐχ
205 1070 312 1151 εἵλου,
349 1069 407 1153 της
443 1069 538 1154 τιμῆῖ
575 1065 612 1133 δὲ
648 1062 708 1133 τὸν
741 1061 783 1134 οὐ
815 1062 1019 1152 μετασχόντα
1054 1064 1125 1131 τῶν

105 1171 223 1239 πόνων
259 1168 402 1259 ἠξίωσας
438 1178 636 1259 μεταλαβεῖν
675 1170 797 1259 μόνον,
839 1168 893 1240 ότε
934 1168 1040 1258 μηδὲν
1076 1175 1124 1237 ἔτι

107 1274 256 1366 φοβερὸν
275 1277 392 1346 ἐδόκει.
428 1280 561 1366 καὶτῆς
588 1277 649 1365 μὲν
665 1274 749 1351 οὐδὲ
767 1273 813 1346 ἐπ’
844 1274 959 1362 ὀλίγον
987 1272 1124 1363 ἀφελάν
1138 1297 1164 1336 1⁰

65 1385 208 1470 Βδῆλος
240 1381 284 1469 εἶ,
315 1386 383 1451 τῶν
414 1384 529 1452 πόνων
562 1383 599 1452 δὲ
632 1380 713 1453 οὐδὲ
745 1384 798 1452 ἐπὶ
831 1381 974 1472 σμικρὸν
1004 1408 1124 1451 κοινω-

106 1503 179 1557 νεῖν
207 1485 324 1570 ἀξιοῖς·
352 1487 440 1577 πλην
468 1499 501 1558 εί
523 1515 590 1558 που
619 1492 690 1558 δέοι
713 1488 798 1580 πρὸς
816 1486 932 1577 ὀλίγον
960 1487 1125 1576 ἑπόμενόν

107 1615 162 1663 σοι
203 1595 453 1683 στρατεύεσθαι.
498 1595 641 1686 πότερον
682 1587 746 1664 οὖν
786 1598 842 1664 καὶ
883 1596 959 1684 περὶ
994 1594 1125 1664 τούτων

107 1701 285 1791 μαρτύρων
312 1704 415 1770 τινων
442 1702 498 1769 καλ
525 1707 712 1790 τεκμηρίων
730 1704 777 1793 τῷ
804 1701 892 1794 λόγῳ
920 1705 1075 1792 προσδεῖς
1103 1696 1125 1788 ἢ
1174 1744 1177 1751 ·

107 1810 211 1895 δῆλον
243 1809 279 1876 ἐκ
314 1810 376 1876 τοῦ
412 1808 582 1894 λέγοντος,
619 1805 670 1876 ότι
703 1805 748 1896 μὴ
785 1814 921 1890 ψευδεῖς
958 1806 1125 1894 ἐπεισάγει
1138 1829 1166 1871 ιο

110 1912 242 1999 λόγους
271 1908 338 1982 ἀλλ’
368 1909 452 2002 ὑπὲρ
472 1912 532 2001 μὲν
550 1913 680 1983 τούτων
709 1910 812 1983 οὐδὲν
831 1920 878 1982 ἔτι
906 1915 1009 1983 πλέον
1028 1911 1124 1995 ἀξιον

107 2022 336 2108 ἐνδιατρίβειν.
374 2019 598 2110 σωφροσύνης
617 2020 654 2090 δὲ
681 2017 766 2110 ὑπὲρ
789 2024 847 2108 τῆς
866 2024 927 2110 σῆς
954 2021 1009 2089 καλ
1038 2047 1123 2108 φρο-

106 2124 234 2213 νήσεως
264 2127 320 2194 καὶ
353 2123 452 2214 ὅσην·
469 2123 607 2196 εύνοιαν
637 2141 708 2207 τοῖς
735 2122 901 2214 ’ὑπηκόοις
929 2126 1124 2215 ἐνειργάσω,

66 2233 231 2322 Οβραχέα
273 2238 421 2301 διελθεῖν
463 2243 542 2315 ἴσως
583 2229 646 2302 ούκ
681 2230 816 2305 ἀτοπον.
866 2239 917 2314 τίς
953 2232 1017 2322 γάρ
1059 2228 1124 2322 (σ’)

107 2334 225 2423 ἀγνοεῖ
253 2341 321 2407 τάν
353 2335 512 2408 ἀπάντων
538 2338 707 2427 τοσαύτην
735 2342 770 2408 ἐκ
802 2345 936 2409 παίδων
962 2342 1021 2427 τῆς
1049 2334 1124 2428 ἀρε·
1138 2362 1167 2408 ιο

106 2447 164 2531 τῆς
196 2445 317 2532 ταύτης
345 2448 530 2533 ἐπιμέλειαν
558 2445 734 2534 ἐσχηκότα,
767 2443 852 2534 ὅσην
884 2441 998 2526 οὐδεὶς
1025 2441 1126 2526 ἀλλος

106 2552 174 2617 τῶν
203 2556 409 2638 ἕμπροσθεν;
441 2552 496 2620 καὶ
528 2553 587 2638 τῆς
619 2551 680 2639 μὲν
708 2554 745 2621 ἐν
777 2553 872 2620 παισὶ
901 2551 1127 2642 σωφροσύνης

107 2654 234 2745 μάρτυς
261 2651 279 2724 ὁ
307 2655 415 2746 πατὴρ
443 2659 583 2744 γέγονεν
605 2655 792 2748 ἀξιόχρεως,
821 2659 875 2727 σοὶ
901 2656 942 2726 τά
969 2659 1044 2745 περὶ
1062 2655 1126 2747 τὴν

107 2759 214 2851 ἀρχὴν
241 2763 296 2830 καὶ
324 2761 363 2830 τά
383 2762 465 2853 πρὸς
483 2761 563 2845 τούς
586 2761 754 2852 ἀδελφοὺς
782 2769 922 2833 διοικεῖν
949 2766 1127 2855 ἐπιτρίψας

107 2868 210 2960 μόνῳ,
239 2865 311 2937 όντι
330 2896 366 2955 γε
391 2866 473 2938 οὐδὲ
490 2869 706 2961 πρεσβυτάτῳ
734 2873 802 2939 τῶν
821 2874 952 2940 ἐκείνου
979 2875 1125 2940 παίδων·
1139 2899 1167 2942 ω

106 2977 164 3061 τῆς
192 2973 230 3042 δὲ
258 2977 294 3043 ἐν
322 2973 489 3066 ἀνδράσιν
521 2973 664 3057 ἅπαντες
692 2977 944 3065 αἰσθανόμεθα,
971 2977 1127 3067 καθάπερ

61 3087 245 3154 Βπολίτου
273 3096 343 3163 τοῖς
370 3082 487 3171 νόμοις
514 3078 760 3171 ὑπακούοντος,
792 3081 864 3154 ἀλλ’
895 3080 937 3153 ού
964 3085 1128 3171 βασιλέως

107 3189 175 3255 τῶν
212 3186 330 3284 νόμων
364 3185 539 3280 ἀρχοντος,
576 3186 632 3258 ἀεί
666 3210 729 3259 σου
765 3192 1043 3281 προσφερομένου
1079 3191 1127 3282 τῷ

108 3294 231 3382 πλήθει
258 3295 314 3362 καὶ
341 3309 411 3376 τοῖς
439 3298 475 3364 ἐν
502 3296 595 3365 τέλει.
637 3301 686 3376 τίς
714 3296 779 3388 γάρ
806 3294 870 3387 (σ’)
899 3302 986 3382 ἔγνω
1014 3303 1128 3384 μεῖζον

177 3497 322 3552 δεῖλωῖ
383 3493 548 3562 θμόνοςῖ
606 3503 636 3552 11
656 3499 821 3567 κοινωνεῖν]
839 3502 900 3553 Vid.
920 3502 955 3553 εδ
974 3501 1039 3552 1⁷ss
1094 3504 1128 3553 19

110 3564 177 3627 ἴσως
197 3564 332 3634 Cobetus]
352 3563 420 3627 τέως
436 3566 483 3634 1ο·
503 3567 565 3621 add.
584 3569 611 3620 H
680 3571 714 3620 29
732 3563 761 3620 α’
780 3569 841 3621 add.
860 3569 888 3620 H
