2392 3960
23 38 99 91 W·
113 39 129 49 ““
145 50 151 59 “

426 178 559 229 οαανιο
579 180 615 229 α.
982 179 1023 239 75

23 303 167 392 ιάλαγγα
193 303 326 393 θρασὺς
353 296 396 392 ἦν
423 307 461 373 έν
487 306 599 391 μέσοις
619 302 922 394 ἀναστρεφόμενος·
952 306 1062 373 ἐπεὶΒ

23 410 42 480 ὲ
72 410 224 500 ἐπράχθη
253 410 293 479 τά
320 415 378 498 τῆς
404 411 520 498 μάχης,
549 408 659 501 ῶσπερ
687 402 730 498 ἦν
757 409 862 498 ἀξιον,
890 407 1023 498 ἀφανὴς

23 515 109 605 ἷχετο
139 513 202 585 οόα
221 515 298 586 οἶδα
325 512 391 586 όπὸ
419 519 481 585 τοῦ
498 520 592 585 θεῶν
614 513 635 603 ἢ
656 516 828 604 δαιμόνων
846 523 1021 607 κρυφθείς,

23 622 95 711 τλὴν
123 620 174 692 ὅτι
201 651 238 708 γε
271 619 334 692 οὐκ
361 620 412 691 ἐπ’
443 619 595 709 ἀμείνοσι
627 638 699 704 ταῖς
726 623 840 710 τύχαις
868 621 1022 711 εόδηλον.

23 726 48 798 ἀ
77 727 142 817 γάρ
169 727 211 817 δὴ
244 721 346 809 αὖθις
374 735 486 817 ἔμελλε
518 731 637 816 φανεὶς
664 726 715 797 ἐπ’
746 731 899 810 ἐξουσίας
927 725 1021 818 ὑβρί-

23 863 72 904 ιν
100 833 207 916 ἀδεῶς
226 832 493 923 εὐδαιμονήσειν,
523 831 567 915 ῶς
586 833 679 926 ᾤετο,
707 832 789 903 ἀλλά
817 838 850 914 ές
876 832 913 903 τὸ
938 861 1020 903 παν-

23 941 96 1023 ·ελδς
114 938 318 1028 ἀφανισθείς
335 945 497 1030 τιμωρίαν
515 939 654 1029 ὑφέξειν
672 938 762 1031 αὐτῶ
782 940 842 1028 μὲν
861 945 1021 1028 δυστυχῆ,

22 1056 144 1128 ιολλοῖς
171 1048 208 1116 δὲ
237 1044 406 1136 ῶφέλιμον
432 1049 487 1116 καὶ
515 1046 598 1135 πρὸς
621 1045 865 1134 ἐπανόρθωσιν.
901 1045 1022 1134 τὰμὲν

22 1153 49 1242 δὴ
77 1155 153 1242 περὶ
180 1152 240 1224 τὸν
267 1151 496 1242 μηχανοποιὸν
514 1157 572 1242 τῆς
595 1151 673 1242 όλης
700 1149 894 1234 ὑποθέσεως
912 1159 1021 1222 πλείο-

22 1287 66 1341 νος
98 1256 285 1339 ἀξιωθέντα
316 1260 435 1347 λόγου,
472 1262 556 1350 μέση
592 1264 631 1347 τῇ
663 1258 778 1349 πράξει
815 1259 1061 1347 παρελόμεναΟ

22 1364 44 1437 ’δ
73 1365 206 1453 ξυνεχὲς
233 1370 290 1454 της
318 1367 512 1454 διηγήσεως,
541 1366 691 1435 ἐνταῦθά
717 1391 784 1433 που
812 1366 913 1434 πάλιν
940 1362 1020 1453 άφε-

22 1474 72 1542 έν.
111 1474 284 1541 ἐπανιτέον
303 1472 341 1541 δὲ
359 1471 505 1562 ὅθενπερ
526 1475 669 1559 ἐξῆλθον
697 1474 753 1539 καὶ
781 1468 965 1540 ἀποδοτέον
983 1469 1020 1540 τὸ

22 1580 99 1660 τέλος
127 1581 185 1666 τῆς
211 1579 324 1666 μάχης.
361 1576 404 1648 οό
423 1578 487 1668 γάρ
515 1578 557 1666 δὴ
578 1576 640 1660 ξὺν
667 1581 706 1667 τῇ
730 1581 798 1645 τῶν
826 1581 1021 1668 στρατηγῶν

22 1690 116 1776 δειλία
147 1687 202 1753 καὶ
239 1683 279 1754 τά
315 1689 383 1753 τῶν
420 1688 631 1774 στρατιωτῶν
666 1690 778 1753 πίπτει
811 1684 1020 1773 φρονήματα,

22 1787 79 1862 ἀλλ’
111 1788 223 1878 ἐπειδὴ
251 1789 291 1860 τά
318 1794 375 1879 τῆς
402 1792 522 1873 τάξεως
551 1788 664 1871 αὐτοῖς
684 1789 865 1880 διεφθάρη,
894 1787 936 1858 οὐ
963 1818 1020 1858 κα-

22 1902 63 1989 τίμ
96 1901 208 1986 σφῶν,
242 1895 375 1988 ἀπειρίᾳ
411 1896 448 1965 δὲ
485 1899 540 1967 καὶ
573 1894 703 1987 ἀμαθίᾳ
739 1900 801 1966 τοῦ
836 1896 1021 1981 τάττοντος,

22 2001 90 2073 ωιτά
124 2004 244 2092 λόχους
277 2003 513 2092 συνιστάμενοι
547 2010 796 2092 διηγωνίζοντο·
830 2003 885 2071 καὶ
913 1993 955 2089 ἦν
983 2000 1019 2069 τὸ

22 2115 108 2200 Ι’ργον
137 2106 266 2197 ἀπάσης
295 2113 428 2191 ἐλπίδος
455 2118 577 2199 μεῖζον,
605 2113 673 2177 τῶν
701 2109 762 2197 μὲν
791 2105 852 2195 οόχ
885 2103 1064 2194 ὑφιεμέ-Ι)

22 2244 77 2286 νων
111 2219 145 2297 ἐς
175 2211 214 2285 τό
241 2216 399 2298 παντελὲς
430 2232 500 2298 τοῖς
526 2218 701 2307 κρατοῦσι,
733 2218 801 2283 τῶν
829 2213 866 2281 δὲ
894 2213 1020 2294 έπεξελ·

22 2333 86 2392 δεῖν
118 2325 236 2404 τελέως
270 2326 311 2413 τῇ
342 2329 419 2411 νίκη
457 2323 761 2411 φιλοτιμουμένων,
794 2319 956 2407 ξυμμιγής
987 2346 1022 2388 τε

22 2427 105 2519 ἱρετο
139 2429 281 2518 τάραχος
312 2430 367 2498 καὶ
395 2427 459 2516 βοὴ
487 2431 543 2498 καὶ
571 2429 695 2508 ατόπος
722 2431 790 2495 τῶν
818 2423 946 2510 ὅπλων,
975 2427 1021 2504 ξι-

22 2539 86 2605 ιῶν
113 2562 148 2603 τε
176 2532 375 2624 ἀγνυμένων
393 2532 479 2623 ἀμφὶ
507 2551 577 2615 τοῖς
595 2534 732 2625 κράνεσι
754 2535 811 2603 καὶ
829 2535 897 2600 τῶν
925 2527 1022 2599 ἀσπί-

21 2648 78 2710 λων
111 2643 187 2732 περὶ
218 2657 288 2722 τοῖς
320 2641 469 2732 δόρασιν.
515 2639 601 2730 ἀνὴρ
634 2642 671 2709 δὲ
703 2638 802 2728 ἀνδρὶ
836 2641 1022 2722 ξυνίστατο,

21 2749 63 2817 ντὶ
92 2744 374 2838 ἀπορριπτοῦντες
400 2746 459 2828 τάς
481 2744 625 2828 ἀσπίδας
653 2744 767 2827 αὐτοῖς
793 2759 863 2826 τοῖς
890 2745 1022 2831 ξίφεσιν

21 2851 165 2924 όθοῦντο
193 2853 293 2942 μικρά
320 2857 381 2924 τοῦ
407 2865 531 2922 παθεῖν
559 2860 801 2944 φροντίζοντες,
830 2848 961 2919 άπαντα
985 2847 1022 2917 δὲ

24 2966 62 3064 ίςΙ
82 2959 120 3030 τὸ
150 2964 275 3051 δράσαί
303 2988 334 3029 τι
362 2959 475 3029 δεινὸν
507 2959 587 3040 τοὺς
615 2964 793 3047 πολεμίους
819 2955 881 3025 τὸν
907 2956 1023 3043 θυμὸν

77 3149 91 3196 1
115 3140 268 3220 φάλαγγα).
285 3136 413 3210 πόλεμον
431 3144 459 3193 Μ
528 3146 544 3194 2
566 3135 602 3194 τά
620 3141 665 3211 Μ]
687 3137 718 3194 τό
788 3146 803 3194 3
825 3133 885 3192 ῶπό
903 3155 954 3192 του
972 3142 995 3189 V

21 3213 88 3266 λεῶν
105 3211 178 3279 Pet]
196 3215 271 3265 θεον
338 3198 465 3272 ὁαόθις
483 3228 534 3263 om.
555 3213 584 3262 M
652 3215 668 3260 6
691 3204 720 3270 ές
738 3208 807 3275 VM]
829 3204 870 3268 είς
938 3210 1009 3258 Sua

21 3278 80 3346 ιρδς
98 3272 303 3345 ἐπανόρθωσιν
322 3280 416 3330 addidi
433 3297 448 3331 e
466 3281 525 3332 VM
593 3281 609 3330 9
632 3273 694 3345 τόν]
714 3272 746 3329 τό
764 3277 797 3340 V,
816 3280 846 3327 at
864 3291 946 3340 supra
965 3289 1023 3324 ver·

21 3364 68 3401 um
90 3349 199 3415 aliquid
222 3354 265 3400 est
289 3363 397 3400 erasum
477 3350 509 3398 10
534 3341 607 3415 μέση
629 3345 662 3414 τῇ
685 3340 788 3409 πράξει
811 3342 851 3409 V]
876 3337 947 3409 μέση
973 3340 1024 3405 τῆς

21 3409 138 3537 τόν
167 3408 511 3552 εωιιιααάα
692 3415 744 3532 033
763 3403 1024 3532 δαιιιάι

21 3549 83 3620 m]
103 3546 201 3605 πάντα
