2392 3960
455 197 458 201 ’
511 176 646 228 ORATIO
665 178 687 228 1.
1068 174 1108 238 15

89 330 189 392 μενος
217 308 287 390 ἔχοι
318 301 359 370 τά
390 302 547 391 κράτιστα
579 305 634 372 καλ
666 302 749 394 πρὸς
781 303 1018 384 παντοδαποὺς
1050 300 1107 372 άν-

88 408 252 498 θρῶπους
282 404 409 496 ὁμιλεῖν
438 409 585 478 δύναιτο.
623 407 706 480 άλλόι
728 408 788 478 τὸν
817 410 877 498 μὲν
906 407 968 479 ούκ
996 412 1108 497 ἐβασί-

89 526 188 585 λευσε
220 520 382 583 ποικίλων
413 512 512 602 ήθῶν
540 518 708 606 ἐμπειρίας
735 522 840 605 χρεία·
872 515 933 586 τὸν
961 516 998 584 δέ
1026 515 1108 604 πρὸς
1128 539 1161 588 13

90 621 259 709 τοσαύτην
286 616 470 708 ἡγεμονίαν
488 622 697 711 τρεφόμενον
725 620 787 692 ούκ
811 626 848 691 ἐν
876 627 1012 713 οἰκίσκῳ
1041 649 1108 692 που

64 731 174 817 ιχρήν
208 727 429 796 διδάσκεσθαι
467 725 547 796 ούδέ
583 727 645 816 τήν
682 735 869 815 βασιλείαν,
902 729 1055 820 καθάπερ
1088 726 1106 799 ό

91 838 220 922 Κῦρος,
257 839 416 916 παίζοντα
453 845 627 922 μιμεῖσθαι
670 833 750 904 οὐδὲ
790 843 998 924 χρηματίζειν
1038 849 1109 916 τοῖς

91 939 192 1029 ήλιξι,
219 939 372 1029 καθάπερ
406 942 535 1009 ἐκεῖνον
567 928 738 1028 λέγουσιν,
767 938 839 1010 ἀλλ’
871 947 1008 1010 ἔθνεσιν
1036 937 1107 1029 ὁμι-

90 1056 161 1115 λεῖν
185 1048 240 1114 καὶ
269 1046 396 1133 δήμοις,
424 1048 480 1115 καὶ
500 1051 711 1135 στρατιωτῶν
733 1048 898 1136 τάγμασιν
926 1048 1108 1116 ἐπιτάττειν

91 1149 203 1233 ἁπλῶς
230 1150 268 1220 τὸ
296 1153 473 1243 πρακτέον
507 1150 591 1234 όλως
624 1159 644 1222 δ

54 1294 79 1333 10
91 1259 230 1345 τούτων,
259 1250 307 1327 ῶν
326 1261 425 1346 ἐχρῆν
445 1257 553 1348 άνδρα
581 1259 766 1348 γενόμενον
785 1258 835 1328 ἐπ’
866 1257 980 1340 άδείας
1007 1260 1107 1349 πράτ-

90 1392 168 1434 τειν.
207 1362 334 1434 ούκοῦν
358 1363 470 1452 ἐπειδὴ
497 1364 538 1433 τά
566 1365 656 1455 παρά
682 1367 813 1447 τούτοις
841 1366 1022 1454 ἐδιδάχθης
1049 1383 1148 1435 κα-Β

90 1475 167 1559 λῶς,
195 1472 249 1539 ἐπὶ
275 1469 337 1558 τὴν
357 1472 472 1559 ἑτέραν
500 1469 640 1561 ἤπειρον
658 1471 781 1560 μετιῶν
808 1488 878 1554 τοῖς
896 1478 1109 1561 Παρθυαίων
1186 1496 1189 1501 ·

90 1579 147 1646 καὶ
166 1577 299 1665 Μήδων
319 1582 456 1645 ἔθνεσιν
475 1574 680 1666 άντετάχθης
698 1579 810 1667 μόνος.
847 1573 1109 1666 ὑποτυφομένου

92 1683 129 1752 δέ
155 1680 221 1770 ήδη
249 1685 310 1750 τοῦ
342 1685 488 1769 πολέμου
516 1684 572 1751 καὶ
604 1682 666 1753 ούκ
695 1691 741 1766 είς
773 1682 904 1773 μακράν
932 1682 1109 1772 μέλλοντος

53 1822 78 1865 15
92 1786 378 1880 άναρριπίζεσθαι,
406 1790 528 1876 ταχέως
546 1792 601 1857 καὶ
620 1791 742 1860 τούτου
770 1792 937 1877 κατέγνως
954 1789 1015 1859 τὸν
1033 1790 1107 1880 τρό-

90 1923 172 1982 πον,
204 1896 260 1963 καὶ
287 1892 348 1982 τήν
375 1896 443 1963 τῶν
476 1892 589 1964 ὅπλων
618 1895 717 1984 ίσχύν
749 1896 911 1986 ἐμιμήσω,
943 1898 999 1966 καὶ
1026 1896 1109 1986 πρὸς

89 2000 153 2091 τήν
187 1998 279 2089 ῶραν
310 2003 370 2069 τοί-
406 2002 531 2090 θέρους
568 2011 698 2083 είθισας
729 2018 902 2092 καρτερεῖν
934 2001 970 2071 τὸ
1005 2006 1108 2091 σῶμα.

90 2107 310 2195 πυνθάνομαι
338 2106 375 2175 δέ
391 2103 605 2196 Ἀλκιβιάδην
628 2109 736 2196 μόνον
764 2111 796 2190 ἐξ
825 2104 982 2178 ἁπάντων
997 2105 1108 2197 Ἑλλή-

92 2241 163 2283 νων
192 2210 298 2294 ούτως
330 2210 467 2301 εὐφυῶς
498 2214 681 2303 μεταβολάς
709 2218 871 2302 ἐνεγκεῖν,
900 2211 944 2296 ῶς
971 2217 1027 2283 καὶ
1055 2230 1148 2303 {hc-C

52 2321 266 2409 ρομήσασθαι
307 2320 477 2410 (πρῶτον)
519 2321 580 2408 μέν
620 2320 683 2410 τήν
723 2325 791 2389 τῶν
832 2327 1109 2410 Λακεδαιμονίων

91 2426 296 2515 ἐγκράτειαν,
325 2425 439 2514 ἐπειδή
459 2428 683 2517 Σπαρτιάταις
711 2424 816 2497 αὑτὸν
844 2428 1010 2514 ἐδεδώκει,
1038 2426 1109 2496 εἶτα

92 2538 279 2620 Θηβαίους,
311 2534 367 2600 καὶ
402 2536 534 2623 Θρᾷκας
565 2533 723 2624 ὕστερον,
756 2537 812 2603 καί
844 2536 897 2603 ἐπὶ
930 2537 1015 2603 τέλει
1046 2533 1108 2622 τήν

90 2642 159 2707 τῶν
187 2641 331 2728 Περσῶν
359 2639 500 2728 τρυφήν.
538 2637 609 2709 ἀλλ’
641 2644 766 2722 ἐκεῖνος
794 2640 855 2729 μέν
878 2656 947 2722 τοῖς
975 2647 1108 2730 χωρίοις

91 2745 375 2833 συμμεταβάλλων
402 2748 458 2815 καὶ
485 2745 546 2815 τὸν
573 2747 699 2837 τρόπον
731 2745 955 2836 ἀνεπίμπλατο
984 2750 1108 2834 πολλής

52 2884 78 2926 25
93 2856 287 2940 δυσχερείας
314 2851 425 2921 καὶτὸ
445 2853 587 2943 πάτριον
610 2854 803 2923 ἐκινδύνευε
830 2857 999 2934 παντελῶς
1026 2850 1108 2921 άπο-

92 2965 222 3045 βαλεῖν,
251 2955 295 3025 σύ
324 2957 361 3026 δὲ
388 2961 446 3046 τῆς
473 2959 534 3047 μὲν
566 2962 748 3049 ἐγκρατοῦς
776 2966 905 3048 διαίτης
937 2958 1007 3061 βίον
1036 2965 1108 3028 δεῖν

151 3160 177 3214 '2
199 3159 230 3215 τό
249 3159 302 3231 μὲν
319 3166 351 3216 V.
389 3167 480 3217 Locus
505 3171 649 3233 corruptus
673 3168 791 3218 fortasse
813 3169 854 3218 ita
873 3167 1036 3218 scribendus
1053 3171 1107 3218 est:

92 3226 144 3283 τδν
165 3229 218 3297 μὲν
241 3224 295 3285 οὐκ
317 3226 473 3285 ἐπαίδευσε
496 3233 635 3286 ποικίλων
656 3227 741 3302 ήθῶν
764 3228 897 3300 ἐμπειρία
919 3228 990 3301 πρός
1008 3234 1107 3300 χρείαν

93 3301 109 3350 3
131 3298 232 3367 χρείαν
255 3302 279 3352 V
352 3306 368 3353 ὅ
392 3300 464 3368 χρῆν
486 3301 527 3367 Η]
553 3295 639 3369 ἐχρῆν
713 3306 729 3354 6
752 3299 838 3369 κόρος
861 3304 934 3365 VM,
962 3309 992 3355 ut
1016 3302 1108 3353 solent

94 3421 108 3468 7
125 3384 227 3485 ήλιξλν
241 3418 303 3485 (sie)
322 3422 347 3472 V
419 3423 451 3473 10
474 3418 576 3473 τούτου
595 3407 635 3473 ὧν
653 3424 678 3474 V
750 3424 783 3473 20
805 3418 918 3487 πρῶτον
936 3420 998 3473 add.
1018 3419 1108 3498 (ξορε-

92 3490 136 3536 tus
160 3484 165 3551 Ι
184 3484 241 3538 τῶν
258 3487 501 3556 Λακεδαιμονίων
519 3487 553 3555 V]
572 3487 814 3555 Λακεδαιμονίων
883 3490 915 3539 25
939 3481 1107 3540 ἐκινδυνευε

92 3552 160 3619 VM}
179 3546 364 3609 ἐκινδύνευσε
