2392 3960
111 183 174 248 374
410 185 553 236 mmm
573 184 823 237 IMPERATORIS

111 309 154 381 ἀν
186 322 326 399 είποιμι·
362 313 418 381 καὶ
450 308 514 401 γάρ
552 307 595 380 άν
626 321 676 400 είη
709 314 877 394 παντελῶς
914 311 1061 404 άλογον,
1097 323 1125 386 εί

110 418 190 501 τοές
231 418 364 501 ίδιώτας
405 414 581 505 ἀξιώσαιμι
621 425 807 506 βασιλικαῖς
847 421 1122 510 παραβάλλεσθαι

66 531 295 617 Βχορηγίαις·
327 521 399 595 ἀλλ’
430 522 485 595 ὅτε
512 529 560 593 ἔτι
587 525 771 613 ἐτύγχανον
799 525 950 615 ίδιώτης,
978 528 1122 600 σύνοιδα

110 637 241 727 ἐμαυτῷ
268 636 366 703 τοῦτο
395 628 526 720 άποβδιν
544 631 709 713 πολλάκις.
746 629 905 721 ἀπεσώθη
923 662 983 723 μοι
1001 637 1122 720 τέλειος

110 739 128 811 ὁ
155 744 276 830 κλῆρος
302 743 360 829 τῆς
387 738 503 828 τήθης,
531 735 731 826 ἐχόμενος
712 735 766 808 υπ’
796 737 907 809 ἀλλων
933 747 1067 832 βιαίως,
1089 746 1142 818 ἐκτ

109 838 319 937 βραχίων
292 874 341 915 ων
377 844 468 933 εἶχον
504 841 719 915 ἀναλίσκοντι
753 860 824 927 τοῖς
861 847 1042 936 δεομένοις
1068 852 1122 921 καὶ

108 954 327 1042 psva626‹5.vn
362 952 588 1041 κοινωνητέον
615 942 678 1020 οὖν
695 954 764 1021 τών
790 953 970 1044 χρημάτων
997 953 1160 1027 άπασινλ

108 1058 312 1188 ἀνθρώποις,
341 1055 423 1127 ἀλλά
450 1073 520 1140 τοις
546 1057 608 1145 μὲν
626 1060 803 1128 ἐπιεικέσιν
830 1060 1160 1155 ἐλευθεριώτερον,

107 1182 177 1247 τοῖς
218 1163 309 1234 δὲ’
291 1165 430 1254 οπόροις
467 1166 523 1234 καὶ
563 1165 704 1252 πένησιν
744 1162 827 1234 ὅσον
866 1168 1049 1256 ἐπαρκέσαι
1083 1173 1120 1260 τῇ
1157 1164 1160 1283 Ι

107 1279 208 1363 χρείᾳ.
254 1277 361 1359 φαίην
394 1269 425 1340 δ’
461 1268 566 1358 άν,ε
551 1275 582 1338 εί
611 1271 667 1340 καὶ
694 1271 901 1400 παράδοθξον
914 1274 1092 1363 είπεῖν,“
1072 1304 1120 1347 οτι
1130 1309 1149 1351 ιι

107 1381 162 1447 και
189 1391 258 1460 τοις
285 1384 455 1465 πολεμίοις
482 1379 624 1506 ἐσθητος
651 1378 707 1446 καὶ
725 1405 854 1468 τροφης
882 1375 979 1449 ὅσιον
1008 1378 1054 1451 ἀν
1070 1392 1160 1471 εἴη

55 1484 339 1571 291μεταδιδόναι·
380 1487 426 1576 τῷ
453 1481 518 1573 γάρ
547 1479 752 1575 ἀνθρωπίνῳ
780 1490 837 1553 καὶ
864 1482 907 1555 οὐ
933 1489 980 1579 τῷ
1009 1488 1119 1583 τρόπφ

107 1595 253 1678 δίδομεν
313 1590 429 1677 διόπερ
471 1587 563 1679 οἶμαι
603 1590 659 1659 καὶ
700 1588 779 1672 τοὺς
821 1593 858 1659 ἐν
903 1555 1160 1725 δεόμωτηρίφΙ

106 1693 368 1786 καθειργμένους
383 1693 598 1778 ἀξιωτέον
559 1723 617 1783 της
630 1696 785 1785 τοιαύτης
803 1699 999 1785 ἐπιμελείας
1020 1650 1160 1773 οάδδνΙ

106 1801 170 1890 γάρ
211 1802 354 1872 κωλύσει
393 1830 456 1892 την
497 1808 596 1890 δίκην
631 1829 653 1890 η
690 1803 827 1892 τοιαύτη
868 1813 1146 1898 φιλανθρωπίαν

105 1908 249 1997 χαλεπὸν
281 1907 344 1999 γάρ
377 1905 420 1977 ἀν
451 1919 518 1998 είη,
555 1911 688 1978 πολλῶν
721 1906 1033 2000 ἀποκεκλεισμένων
1068 1917 1119 1987 ἐπὶ

105 2023 226 2105 κρίσει,
258 2017 314 2085 καὶ
346 2019 413 2085 τών
450 2015 511 2104 μὶν
542 2012 777 2103 όφλησόντων,
814 2019 882 2086 τών
918 2017 956 2087 δέ
994 2017 1118 2116 ἀθρόων

105 2118 459 2211 άποφανθησομένων,
500 2120 543 2210 μη
582 2119 638 2190 διὰ
673 2119 752 2203 τοὺς
792 2119 964 2216 ἀναιτίους
1007 2126 1118 2199 οἶκτόν

67 2235 184 2296 Βτινα
215 2232 326 2316 νέμειν
358 2231 413 2298 καὶ
445 2243 515 2309 τοῖς
541 2243 717 2317 πονηροῖς,
749 2225 832 2299 άλλά
862 2233 932 2299 τών
958 2238 1117 2326 πονηράν

104 2336 201 2403 ἕνεκα
233 2338 288 2404 καί
315 2338 390 2426 περὶ
418 2333 497 2416 τοὺς
524 2331 624 2404 οὐδὲν
656 2331 854 2422 ἠδικηκότας
885 2333 1038 2425 ἀνηλεῶς
1064 2343 1146 2413 καλε

104 2438 340 2531 ἀπανθρώπως
372 2447 571 2511 διακεῖσθαι.
623 2444 729 2511 ἐκεῖνο
771 2441 809 2510 δὲ
841 2445 1026 2515 ἐννοοῦντί
1063 2475 1117 2537 μοι

33 2557 36 2561 ’
103 2548 315 2616 παντάπασιν
343 2546 462 2616 άδικον
484 2554 735 2635 καταφαίνεται·
764 2549 884 2625 Ξένιον
910 2546 1118 2643 ὀνομάζομεν

103 2659 187 2739 Δία,
229 2656 284 2722 καί
325 2654 512 2742 γιγνόμεθα
552 2657 619 2722 τών
656 2657 807 2723 Σκνθών
847 2658 1117 2785 κακοξενώτεροι,

102 2761 172 2839 πῶς
204 2752 268 2828 οὖν
296 2757 313 2830 ὁ
342 2760 547 2848 βουλόμενος
578 2763 624 2852 τῷ
650 2762 758 2852 Ξενίφ
790 2764 898 2831 θῦσαι
924 2765 988 2832 Διί
1017 2770 1117 2859 φοιτᾷ

102 2863 186 2952 πρὸς
212 2864 272 2935 τὸν
299 2868 401 2950 νεών;
433 2865 514 2955 μετὰ
540 2869 693 2936 ποταποῦ
720 2868 928 2957 συνειδότος,
957 2873 1148 2989 έπιλαθό-ιη

102 2998 202 3057 μενος
227 2976 289 3041 τοῦ
1143 2984 1150 3077 Ι

186 3252 201 3298 2
224 3245 465 3317 παραβάλλεσθαι
488 3246 530 3317 V]
558 3247 781 3317 παραβαλέσθαι
876 3254 892 3303 ὅ
918 3245 1017 3321 τήθης
1043 3256 1117 3321 coh„

100 3330 171 3377 aviae
198 3324 274 3393 Pet]
303 3327 408 3394 τίτθης
494 3331 508 3377 7
537 3323 744 3395 κοινωνητέον]
777 3331 838 3382 vid.
866 3330 901 3382 ad
929 3332 998 3382 ΙῚΒ
1087 3334 1148 3387 11

99 3401 257 3490 πολεμίοις]
284 3407 421 3489 πονηροις
444 3405 471 3454 Η
557 3407 590 3456 14
610 3403 662 3470 τῆς
684 3399 841 3494 τοιαυτης]
862 3401 1002 3475 τοιαύτης
1025 3414 1083 3477 pet.
1110 3406 1115 3479 Ι

100 3469 190 3530 οόδεν
208 3478 245 3546 Η]
264 3469 358 3532 οόθὲν
428 3482 459 3532 19
477 3478 527 3533 καλ
544 3476 694 3548 Οοδ.ἐ]ΙνΙ
747 3485 780 3534 24
798 3475 933 3536 θόσοαν
1015 3482 1117 3543 mn&

98 3556 151 3605 Pet
141 3555 173 3620 1.]
194 3572 224 3607 τε
