2392 3960
139 163 344 214 οοιετοιλο
359 160 426 231 [τε]
437 162 583 230 (utHeyl.)
597 168 637 216 τε.
652 162 798 230 (κειται.)
814 170 854 219 τι.
869 165 914 230 (τε
924 167 1015 232 fleu.)
1031 165 1095 229 595

75 306 275 385 συνομιλεῖν
307 304 488 389 δοκοῦμεν,
525 297 608 368 ἀλλά
639 302 694 368 καί
726 304 795 369 τῶν
826 328 864 388 με
895 304 961 369 νῦν
992 322 1093 390 προσ-

74 405 231 494 ηκόντων
254 405 299 485 ὡς
321 405 385 476 ὑπὸ
408 415 575 498 παρουσίᾳ
598 412 637 497 τῇ
659 408 706 497 σή
719 409 760 476 τδι
781 410 890 478 εἰκότα
909 407 1092 496 κηδόμεθα.

76 518 108 581 εί
131 513 169 579 δὲ
191 512 246 578 καὶ
270 511 465 598 γράφεσθαί
484 535 538 583 σοι
560 511 751 602 παρἰήμῶν
774 514 819 595 ὡς
837 514 957 584 ἀπόντι
974 517 1093 601 θέλεις,

75 618 140 707 ὅρα
164 618 227 704 μὲν
249 616 338 698 ὅπως
360 621 405 708 μή
429 618 530 700 αὐτὸς
552 620 589 688 τὸ
614 625 726 689 δοκεῖν
747 618 843 708 ήμῶν
862 621 993 690 ἀπεῖναι
1011 621 1093 708 μάλ-

44 734 139 793 ελον
167 721 255 814 αὐτῷ
280 725 353 816 (τῷ)
380 726 524 816 γράφειν
552 728 683 795 ἐθέλειν
711 726 870 816 έκφήνης·
904 727 992 815 πλήν
1016 723 1090 794 ἀλλ’

74 842 144 918 είχε
168 852 222 900 σοι
245 836 348 914 φίλον
371 834 451 917 ἐστί,
473 833 529 901 καὶ
552 832 635 919 πρὸς
656 836 756 902 τοῦτο
778 833 908 913 ἑκόντες
925 831 1094 901 ὑπακούο-

75 966 147 1026 μεν.
199 937 332 1019 πάντως
363 966 416 1026 με,
447 939 485 1007 τὸ
515 943 578 1008 τοῦ
607 939 727 1026 λόγου,
758 941 884 1008 θέοντα
918 944 959 1028 τῇ
990 964 1093 1027 παρα-

74 1046 223 1114 κελεύσει
250 1045 311 1113 τὸν
339 1050 441 1114 ἵππον
472 1052 520 1125 είς
546 1050 664 1116 πεδίον
691 1045 786 1128 ἀξεις.
833 1046 893 1134 ἀχε
917 1040 980 1116 οὖν
1004 1046 1094 1127 ὅπως

75 1150 256 1233 ἀντιδίδως
287 1154 327 1222 τὰ
360 1164 431 1239 ῖσα,
468 1155 524 1222 καί
555 1153 639 1241 πρὸς
669 1153 731 1241 τήν
763 1151 958 1241 ἀντίκλήσιν
988 1156 1025 1222 έν
1052 1157 1093 1242 τῇ
1179 1182 1181 1186 ·

36 1281 61 1322 ιο
74 1263 145 1327 τῶν
169 1257 357 1346 ἀμοιβαίων
380 1265 533 1348 συνεχείᾳ
555 1258 600 1346 μή
619 1259 832 1348 κατοκνήσης.
862 1266 970 1329 καίτοι
990 1264 1095 1346 ἔγωγε

76 1372 125 1446 είς
152 1367 213 1452 τήν
237 1364 320 1453 ὑπὲρ
342 1369 404 1433 τοῦ
426 1368 546 1433 κοινοῦ
569 1385 623 1432 σοι
647 1367 830 1452 γινομένην
853 1364 1005 1452 σπονδήν
1030 1362 1095 1433 οάκ
1134 1363 1137 1366 ’

76 1475 184 1541 ἐθέλω
213 1477 375 1558 διοχλεῖν,
412 1469 484 1540 ἀλλ’
511 1470 579 1563 όσμ
608 1493 645 1540 σε
668 1471 823 1558 φυλάττω
847 1475 887 1561 τή
910 1472 1002 1562 θήρᾳ
1024 1476 1095 1541 τεόν
1143 1552 1148 1556 .

75 1584 204 1664 καλῶν,
242 1577 283 1647 οό
314 1577 422 1666 μόνον
454 1575 544 1667 (οὐκ)
577 1575 720 1663 ἀδικεῖν,
758 1575 841 1646 ἀλλά
876 1580 931 1647 καὶ
960 1579 1095 1668 ξύμπαν

76 1684 165 1774 ὁμοῦ
186 1685 223 1754 τὸ
243 1683 440 1773 Ἑλληνικὸν
462 1680 605 1770 ἀφελεῖν
628 1680 671 1751 ἀν
695 1688 853 1771 δοκοίην,
881 1683 990 1778 ὥσπερ
1015 1686 1095 1755 σκό-

36 1811 63 1852 15
77 1801 162 1862 λακα
188 1806 362 1878 γενναῖον,
394 1789 559 1878 ἀόχλητον
586 1787 695 1876 ἀφιείς
723 1791 937 1877 ἐσχολακέναι
964 1811 1001 1859 σε
1023 1807 1141 1874 τοῖςῑΜ

75 1901 152 1987 περὶ
174 1899 253 1979 τοὺς
275 1898 397 1985 λόγους
420 1907 548 1985 ἴχνεσιν
571 1894 741 1986 ὁλοκλήρῳ
764 1900 812 1987 τῷ
837 1897 966 1984 λήματι.
1004 1904 1035 1967 εί
1057 1902 1097 1967 δέ

77 2028 132 2075 σοι
164 2009 327 2075 τοσοῦτον
358 2003 457 2090 τάχος
482 2006 666 2088 περίεστιν,
702 1999 747 2080 ὡς
777 2001 860 2089 μήτε
886 2006 955 2070 τῶν
983 2010 1095 2090 φίλων

77 2111 213 2200 ἀμελεῖν
240 2110 313 2201 μήτ’
341 2114 480 2190 ἐκείνοις
511 2112 636 2194 ἐνδεῖν,
670 2118 721 2176 ῖθι
745 2112 865 2198 χρήσαι
888 2107 966 2196 παρ’
993 2109 1120 2198 ἀμφι),

76 2226 122 2313 τῷ
149 2221 272 2312 δρόμῳ.

36 2415 64 2456 20
192 2433 195 2438 ·
443 2394 502 2462 οδ.
547 2399 734 2484 Λιβανίιμ.

166 2537 394 2616 Ἀποδέδωκας
428 2534 658 2624 Ἀριστοφάνει
696 2533 755 2613 τὰς
790 2531 931 2621 ἀμοιβὰς
966 2537 1025 2622 τής
1059 2561 1095 2603 τε

77 2648 153 2734 περὶ
177 2673 257 2724 τους
279 2645 381 2722 θεοὺς
404 2641 572 2728 εὐσεβείας
594 2643 649 2710 καὶ
671 2645 730 2729 τής
751 2642 826 2730 περὶ
850 2642 992 2710 σεαυτὸν
1011 2667 1094 2731 προ-

77 2759 221 2841 θυμίας,
255 2749 395 2838 ἀμείψας
423 2747 511 2841 αὐτῷ
539 2750 594 2817 καί
622 2748 777 2836 μεταθεὶς
804 2747 844 2815 τδι
867 2748 1018 2836 πρόσθεν
1042 2751 1094 2817 ἐκ·

146 2918 163 2965 4
187 2909 260 2979 ,μὲν
279 2913 435 2972 delendum,
459 2919 507 2963 aut
527 2927 588 2962 cum
607 2927 655 2977 μοι
672 2917 715 2961 ast
732 2911 919 2962 mutandum.“
939 2911 1007 2964 Rsk.
1078 2913 1094 2962 5

77 2976 158 3047 αὐτῷ
177 2981 216 3048 τῷ
235 2977 371 3099 81111εοὶεέ
400 2975 478 3031 αάτῶ
548 2983 564 3031 6
591 2972 652 3030 ἔστί
674 2978 773 3043 scripsi
791 2994 839 3043 pro
857 2970 934 3029 ἐστίν
1003 2981 1019 3028 8
1042 2971 1094 3030 τόν

77 3051 169 3102 ἵππον
186 3045 299 3114 Hayler]
318 3065 355 3098 κα
386 3041 438 3099 τόν
457 3031 547 3099 ίκπον
583 3049 614 3096 12
632 3045 726 3096 Malim
744 3037 819 3096 ἀλλά
837 3044 876 3114 τῷ
890 3041 1093 3109 σεφυλάττειν

79 3124 111 3171 13
131 3108 183 3169 οὐκ
204 3117 265 3166 add.
283 3117 310 3165 Η
357 3116 389 3166 15
408 3131 438 3167 σε
455 3112 492 3180 Η]
512 3129 556 3165 σοι
573 3133 604 3177 v,
624 3111 727 3163 delevit
744 3112 828 3166 Hrch.
877 3115 909 3163 16
926 3114 1094 3176 „Fabricius

77 3203 128 3253 pro
152 3180 258 3252 βήματι
283 3185 323 3233 ait
345 3183 374 3232 in
391 3184 455 3233 aliis
471 3182 530 3246 legi
553 3174 691 3247 λήμματι,
718 3182 857 3231 imovero
876 3174 993 3246 λήματι,
1021 3182 1094 3246 quod

77 3255 202 3321 equidem
219 3249 402 3316 praeferam.“
421 3251 487 3300 usk.
549 3251 581 3299 18
598 3242 682 3315 παρ’]
701 3242 794 3312 πρδςῖ
846 3251 880 3299 20
896 3249 978 3314 Apud
995 3249 1093 3298 Fabri-

77 3325 149 3372 cium
176 3321 278 3372 desinit
303 3318 372 3370 haec
395 3317 514 3385 epistola
536 3319 564 3367 in
586 3316 679 3368 verbis
704 3313 732 3368 εἰ
756 3308 899 3375 κέπεικάς
921 3331 956 3380 με
984 3313 1093 3380 (596,8),

77 3389 187 3455 reliqua
205 3388 332 3453 suppleta
350 3391 414 3438 sunt
432 3387 468 3436 ab
481 3387 502 3439 Ι.
516 3385 545 3437 O.
558 3383 656 3436 Wolfio
674 3384 709 3434 ad
721 3384 832 3435 Libanii
843 3383 984 3450 Epistulas
996 3399 1023 3447 p.
1033 3385 1091 3434 321.

77 3460 215 3522 integram
243 3455 327 3505 habet
349 3454 491 3519 epistolam
514 3454 597 3504 etiam
619 3453 769 3504 Vaticanus
789 3452 855 3503 1353
924 3453 954 3500 21
980 3443 1093 3501 Ἀποδέ-

78 3517 344 3589 δωκας-ἀμοιβάς
363 3523 410 3572 cit.
429 3522 547 3573 Thomas
565 3520 698 3584 Magister
716 3535 741 3584 ps
760 3521 801 3570 92.

826 3601 880 3658 38*
