2392 3960
302 938 592 1043 ΙΟΤΛΙΑΝΟΤ
616 938 880 1018 ΚΑΙΣΑΡΟΣ
1099 968 1154 1018 ιω

116 1076 185 1127 Em
207 1076 271 1126 ΤΗΙ
294 1071 436 1132 mom
458 1076 534 1128 νον
558 1077 811 1130 Ανλοαεινον
833 1078 1077 1134 Σιλοναειον

289 1152 615 1232 Πεειωτοονικοω
646 1183 709 1234 ΕΙΣ
738 1181 896 1240 πονεοα.

163 1333 247 1406 Ἀλλ’
278 1343 310 1406 εί
335 1336 378 1427 μὴ
407 1339 463 1408 καὶ
494 1337 577 1427 πρὸς
608 1339 647 1409 σὲ
675 1345 888 1431 διαλεχθείην
920 1339 983 1411 ὅσα
1015 1342 1112 1434 πρὸς·

48 1440 230 1530 ςέμαντόν
271 1446 462 1533 διελέχθην,
504 1446 618 1536 ἐπειδή
660 1467 697 1516 σε
738 1453 885 1534 βαδίζειν
921 1449 1099 1538 ἐπυθόμην

82 1553 205 1640 χρήναι
224 1548 302 1640 παρ’
323 1546 428 1642 ήμῶν,
457 1557 594 1622 ἔλαττον
612 1558 700 1641 ἔχειν
719 1554 875 1644 οἰήσομαι
892 1553 976 1646 πρὸς
993 1581 1098 1646 παρα·
1159 1560 1162 1565 ’

82 1657 212 1745 ψυχήν,
246 1649 272 1726 ῶ
300 1664 377 1745 φίλε
405 1660 529 1747 ἑταῖρε,
561 1662 688 1747 μᾶλλον
720 1659 758 1729 δὲ
786 1657 866 1731 οὐδὲ
897 1659 960 1750 τήν
992 1651 1099 1753 ἀρχὴν

81 1770 288 1853 πεπορίσθαι
315 1762 390 1833 τινὰ
418 1763 594 1855 ῥᾳστώνην
621 1767 752 1858 ἐμαυτῷ
779 1768 897 1855 νομιῶ,
925 1759 965 1856 ής
983 1775 1042 1838 σοι’
1061 1796 1099 1856 γε

83 1867 128 1938 οὐ
159 1872 379 1958 μεταδίδωκα.
424 1872 696 1959 κοινωνήσαντας
727 1869 791 1962 γὰρ
823 1868 909 1963 ήμῶς
944 1871 1136 1963 ιἰλλήλοιςΒ

36 2011 68 2050 ιο
83 1980 217 2046 πολλῶν
249 1976 311 2065 μὲν
341 1974 520 2064 ἀλγεινῶν,
547 1981 681 2047 πολλῶν
713 1977 751 2047 δὲ
777 1973 889 2066 ήδέων
925 1985 1034 2069 ἔργων
1064 2008 1099 2051 τε

82 2085 140 2152 καὶ
173 2083 298 2170 λόγων,
331 2086 368 2152 ἐν
400 2083 591 2175 πράγμασιν
624 2090 724 2166 ίδίοις
754 2111 790 2153 τε
821 2086 878 2154 καὶ
915 2090 1099 2175 δημοσίοις,

84 2198 173 2259 οίιιοι
199 2191 255 2258 καὶ
284 2192 335 2260 ἐπὶ
363 2192 605 2278 στρατοπέδου,
636 2189 757 2261 καινὸν
789 2187 1005 2282 εὑρίσκεσθαι
1036 2191 1099 2283 χρή
1154 2223 1158 2229 ·

82 2298 153 2364 τῶν
189 2296 380 2384 παρόντων,
418 2292 518 2367 ὁποίό
549 2294 623 2367 ποτ’
658 2294 714 2366 ἂν
732 2288 770 2388 ή,
806 2296 971 2368 παιῶνιον
1009 2295 1100 2381 ῶκος.

84 2400 168 2470 ἀλλὰ
204 2409 254 2483 τίς
285 2399 367 2491 ήμῑν
397 2399 419 2491 ή
451 2401 513 2492 τήν
543 2400 691 2495 Ὀρφέως
725 2403 901 2493 μιμήσεται
937 2404 1045 2494 λόραν
1076 2401 1097 2493 ή
1167 2396 1170 2403 ⁴

37 2542 68 2583 15
83 2523 155 2589 τοῖς
191 2509 366 2598 Σειρήνων
406 2507 583 2599 ιἰντηγήσει
623 2513 755 2599 μέλεσιν
792 2507 813 2600 ή
854 2508 891 2580 τὸ
933 2511 1099 2599 νηπενθὲς

84 2614 212 2704 ἐξεύροι
241 2616 434 2704 φάρμακον;
462 2625 526 2686 εἴτε
553 2615 653 2704 λόγος
679 2609 723 2706 ήν
750 2620 858 2687 ἐκεῖνο
885 2616 1013 2708 πλήρης
1039 2623 1098 2688 Αί-

83 2729 235 2808 γυπτίων
264 2722 494 2811 διηγημάτων,
526 2719 593 2792 εἶθ’
623 2721 705 2814 ὅπερ
733 2719 833 2806 αὐτὸς
860 2725 1032 2812 ἐποίησεν,
1060 2726 1134 2806 ἕνα

83 2842 155 2909 τοῖς
191 2830 364 2917 ἑπομένοις
400 2829 571 2918 ἕνοφήνας
607 2827 648 2899 τὰ
683 2827 815 2920 Τρωικὰ
850 2829 960 2918 πάθη,
997 2833 1098 2900 τοῦτο

155 3037 168 3083 1
188 3033 326 3100 καίσαρος
344 3033 380 3104 V]
401 3029 613 3102 αὐτοκράτορος
680 3038 696 3087 2
715 3033 766 3087 τοῦ
785 3027 980 3103 οἷγαθωιῶιον
999 3036 1061 3088 add.
1074 3037 1099 3086 V

83 3097 168 3162 3είς
187 3094 292 3154 ἕανιόν
314 3104 376 3155 add.
395 3106 429 3155 V.
465 3104 615 3169 Inscriptio
636 3103 715 3154 deest
737 3104 767 3154 in
789 3104 818 3154 Μ
902 3099 970 3156 λεί
991 3098 1098 3170 καὶμὴ

82 3170 114 3219 Μ
181 3163 253 3235 πρὸς
272 3166 303 3223 οὲ
322 3168 393 3239 VM]
417 3164 488 3235 πρός
506 3185 538 3224 σε
622 3167 832 3237 ὀδιιιλίγθην
850 3171 880 3222 Μ
911 3169 915 3236 Ι
947 3163 1051 3238 ἐπειδή
1068 3184 1100 3222 σε

82 3239 108 3285 V
174 3230 275 3302 ἐπειδὴ
346 3242 379 3290 10
400 3233 454 3305 μὲν
478 3253 530 3290 om.
549 3241 623 3303 pet„
676 3241 708 3290 13
729 3232 871 3291 παιῶνιον
889 3239 922 3290 G.
942 3237 1100 3316 Dindorfigs

83 3304 129 3356 ad.
147 3305 230 3356 Thes.
249 3309 266 3355 i.
286 3303 324 3374 v.]
349 3298 506 3359 παιονιιιδν
523 3308 562 3370 V,
579 3300 741 3358 παιωνικδν
758 3321 776 3355 v
862 3309 895 3357 14
907 3309 936 3357 et
949 3309 982 3357 15
999 3304 1044 3364 τίς
1061 3321 1100 3356 αν

83 3401 118 3411 -
135 3370 292 3439 μιμήσαιτο
311 3380 340 3425 et
362 3365 534 3441 ἀπηγήσειε
560 3373 705 3442 legendum
732 3373 841 3426 videtur
929 3375 960 3424 15
986 3369 1101 3439 μέλεσιν
1163 3410 1168 3417 -

82 3438 153 3508 VM]
173 3441 271 3507 μέλεσι
341 3445 372 3494 17
392 3435 527 3508 ἐποίησεν
545 3436 619 3511 VM]
634 3432 751 3507 ἐποίησε
