2392 3960
475 176 611 227 οιτευεο
630 178 652 229 1.
1010 178 1073 243 ,49

52 305 230 396 παρούσης
256 304 382 384 πόλεως
410 299 452 372 ού
470 303 612 392 φαύλης,
639 318 709 385 τοῖς
736 307 1012 394 στρατευομένοις
1035 308 1073 376 δὲ

54 409 119 483 ούκ
151 414 185 493 ἐξ
218 409 434 498 ἐπιτάγματος
466 408 504 478 τὸ
537 425 655 479 πονεῖν
686 411 742 479 καὶ
774 412 1002 499 κινδυνεύειν,
1039 416 1072 496 ἐξ

54 510 106 589 ῶν
134 517 172 587 δὲ
190 514 292 598 αὐτὸς
311 521 410 607 ἕδρας
436 520 647 606 παρεγγυῶν,
675 514 826 606 ῶτραπον
848 517 910 606 μὲν
938 521 1073 609 ἐξηῦρες

53 623 233 712 ἄγνωστον
260 637 330 703 τοῖς
347 626 442 691 πᾶσι·
469 626 600 710 πέμψας
619 623 656 692 δὲ
674 622 856 712 ἀξιόμαχον
882 628 941 713 τῆς
968 627 1111 703 δυνά-ο

36 758 143 820 ιμεως
179 725 309 817 ἁπάσης
345 725 489 798 ὁπλιτῶν
525 744 663 819 μοίραν,
701 729 771 799 εἷτα
808 730 920 819 ἐπειδὴ
957 736 1073 820 σαφῶς

55 844 163 924 ἔγνως
189 834 314 917 αύτούς
340 850 410 916 τοῖς
436 842 607 924 πολεμίοις
634 839 834 924 ἐφεστῶτας,
863 835 964 919 αύτδς
991 837 1073 907 ἀνα·

54 941 171 1033 λαβῶν
197 933 276 1031 ἦγες
301 940 339 1012 τδ
364 941 560 1032 στράτευμα,
588 943 644 1010 καί
671 943 783 1034 κύκλῳ
810 945 972 1033 περιέχων
989 944 1072 1013 πόν-

53 1077 124 1119 των
158 1049 347 1139 ἐκράτησας.
392 1051 496 1117 ταῦτα
523 1050 642 1137 ἐδρᾶτο
672 1047 735 1138 πρὸ
764 1050 822 1137 τῆς
850 1052 904 1137 ἕω,
932 1048 1071 1138 ἤγγελτο

54 1155 93 1227 δὲ
125 1153 191 1247 πρὸ
229 1160 434 1244 μεσημβρίας
464 1157 511 1246 τῶ
543 1155 698 1247 τυράννῳ
736 1150 888 1243 ἁμίλλαις
925 1161 1074 1240 ίππικαϊς

36 1263 114 1333 ικαὶ
141 1261 328 1352 πανηγύρει
346 1263 614 1353 προσκαθημίνφ
642 1264 784 1330 καὶτῶν
811 1263 990 1352 παρόντων
1014 1262 1072 1333 ού-

54 1368 115 1438 δὲν
148 1371 320 1450 ἐλπίζοντι.
361 1373 411 1449 τίς
443 1365 504 1454 μὲν
538 1358 601 1436 οὖν
638 1368 779 1455 γέγονεν
811 1370 847 1436 ἐκ
878 1376 985 1457 τίνος,
1017 1372 1073 1440 καί

54 1472 210 1563 ποταπὴν
229 1474 368 1562 γνῶμην
395 1472 482 1561 είχεν
501 1469 584 1563 ὑπὲρ
602 1477 671 1543 τῶν
689 1474 877 1563 παρόντων,
904 1477 960 1544 καί
984 1474 1074 1559 ὅπως
1092 1490 1116 1544 Ι)

56 1578 201 1651 ίκλιπῶν
233 1587 338 1669 ἔφυγε
368 1579 431 1668 την
467 1579 567 1648 πόλιν
598 1581 654 1648 καὶ
685 1579 748 1669 τὴν
777 1577 919 1649 Ἰταλίαν
950 1585 1073 1670 πᾶσαν,

55 1684 135 1769 τοὺς
153 1687 283 1776 φόνους
301 1687 356 1755 καὶ
375 1684 433 1768 τόις
451 1685 603 1775 πρόσθεν
632 1684 762 1768 ιἰδικίας
780 1688 1073 1776 ἐκκαθαιρόμενος,

36 1791 99 1863 τού
130 1796 193 1863 τού
224 1793 390 1884 παρόντος
422 1788 464 1861 δν
497 1801 547 1881 εἴη
579 1793 683 1881 λόγου
715 1799 915 1882 διηγεῖσθαι.
961 1801 1073 1883 ἔμελλε

55 1900 94 1969 δὲ
127 1906 283 1991 βραχείας
320 1897 492 1987 ἆυοκωχῆς
528 1896 641 1988 τυχῶν
678 1897 780 1969 ούδέν
810 1925 842 1967 τι
874 1914 969 1987 μεῖον
1005 1904 1074 1971 τῶν

55 2012 250 2096 ἔμπροσθεν
291 2006 438 2094 δρόσειν.
493 2003 600 2087 οὕτως
641 2003 743 2075 οὐδὲν
783 2003 867 2095 πρὸς
906 2014 1074 2095 πονηρίαν
1181 2090 1184 2097 4

54 2116 166 2201 ψυχῆς
193 2110 375 2203 ἅνθρωπος
403 2109 539 2193 ιἰνόσιος
567 2114 684 2202 ἐξηῦρε
711 2111 901 2200 καθάρσιον
928 2111 985 2181 διὰ
1012 2118 1074 2182 τοῦ

56 2219 217 2306 στόματος.
263 2216 467 2307 ἀφικόμενος
498 2216 569 2307 γδιρ,
601 2223 649 2300 είς
681 2224 850 2287 Γαλατίαν
882 2212 900 2286 ό
932 2218 1074 2309 χρηστός

36 2321 175 2395 οούτοσὶ
212 2326 268 2393 καὶ
299 2325 441 2413 νόμιμος
474 2322 586 2413 ἅρχων
617 2328 782 2395 τοσοῦτον
819 2318 924 2393 αὑτοῦ
957 2328 1074 2413 γε’γονε

55 2430 298 2521 χαλεπώτερος,
331 2427 391 2518 ῶς,
425 2441 459 2500 εί
481 2457 531 2512 τις
561 2432 726 2521 πρότερον
758 2427 863 2500 αὐτὸν
895 2429 1073 2519 διαφυγῶν
1091 2451 1126 2502 4ο

55 2538 209 2628 ἐλελήθει
235 2544 395 2628 τιμωρίας
421 2537 544 2626 τρόπος
571 2535 750 2625 ῶμότατος,
777 2539 901 2607 τούτου
928 2537 1073 2629 ίξευρῶν

54 2644 169 2732 δίαμα
195 2645 434 2733 κεχαρισμένον
465 2638 557 2737 αύτῷ
585 2642 643 2724 τὰς
675 2647 743 2713 τῶν
771 2641 902 2714 ιἰδλίων
928 2648 1074 2714 πολιτῶν

56 2765 193 2840 παρεῖχε
211 2750 401 2840 συμφοράς·
430 2747 576 2840 ἅρματος
600 2753 723 2832 ζῶντας
742 2751 882 2839 ἐκδύσας
909 2752 965 2818 καὶ
992 2763 1073 2838 μεθ-

36 2856 104 2938 ιείς
137 2857 304 2946 φέρεσθαι
335 2871 405 2938 τοῖς
431 2853 580 2945 ἡνιόχοις
608 2858 715 2925 ἕλκειν
743 2853 785 2925 διν
817 2857 981 2943 ἐκέλευεν,
1014 2854 1073 2926 αύ-

116 3070 277 3160 Βίξηυρες
284 3078 321 3146 Η]
340 3071 453 3144 ἐξευρες
506 3072 681 3161 Ἰπεριοχιδν
699 3083 796 3200 Mpet.
848 3078 1075 3164 9μεσηΙλρίαςν

59 3149 90 3197 12
117 3144 174 3200 τῶν
200 3141 352 3228 παρόντων
378 3145 446 3212 VM]
476 3144 638 3227 παρόντων
701 3144 769 3200 13ἐ
767 3146 847 3214 ’φυγε
864 3147 912 3231 M]
944 3144 1073 3228 ἐφευγεΙ

58 3210 156 3267 πᾶσαν
173 3205 249 3296 V]
228 3229 346 3266 απασαν
418 3217 450 3265 14
468 3207 747 3298 ἔκκαδαρούμενοςζ
803 3219 836 3267 16
855 3232 986 3283 ανοιιωχη
989 3234 1003 3276 ς
1022 3216 1075 3268 Go-

59 3273 187 3363 betusJ’
168 3282 345 3364 ανακιρχῆςΙ
340 3274 453 3348 Ιούδὲν
471 3281 567 3350 τίμιον
583 3284 608 3333 V
678 3286 710 3336 18
710 3277 844 3403 ἐῶνόοιος
862 3283 994 3347 Cobetus]
1014 3275 1073 3335 ἀλλ’

59 3341 166 3411 δδεος
186 3340 265 3430 Ιαλλ’
289 3343 324 3402 ού
346 3344 419 3431 θεὸς
434 3349 471 3430 V)
498 3334 505 3408 Ι
529 3344 632 3470 ἐξηυρε
650 3348 689 3433 ΗΙ
710 3344 809 3416 ἐξεῦρε
879 3355 910 3403 19
932 3351 1076 3429 γαλατίαν

59 3414 286 3499 ΙἾΗγαλατας
315 3421 349 3470 20
371 3411 459 3476 αύτδς
478 3420 520 3498 V,
545 3437 643 3501 αντς
654 3435 747 3471 αυτου
770 3419 881 3472 Schaef
950 3422 982 3470 21
1006 3410 1074 3496 τερμ-

155 3483 201 3550 V]
217 3477 308 3537 αύτόν
326 3484 395 3565 ΜΜΙ
386 3478 487 3552 Ιαύτδ
556 3490 603 3606 23,
608 3479 687 3555 αυτῷ
706 3484 828 3552 Schaef]
848 3476 925 3554 αύτῷ
986 3489 1020 3537 25
1037 3503 1076 3538 αν

59 3483 201 3607 ίιΙΙοδυενΙ
207 3553 318 3604 Schaef.
321 3543 367 3620 J’
349 3570 419 3606 ανεκ
422 3550 521 3607 ίλευεν
537 3556 571 3618 V,
589 3539 755 3607 ἔκέλευενε

108 3646 216 3689 Iulianus
229 3647 249 3688 L
898 3636 915 3684 4
