2370 3908
82 175 144 240 164
383 176 528 227 IULIANI
550 174 798 229 IMPERATORIS

82 305 195 391 λόγοις
227 303 362 391 σφόδρα
394 305 578 391 ἐπιχειρῶν.
630 301 796 389 βούλεσθε
833 294 898 371 οὖν
934 305 1085 393 ἐπανερω

83 414 191 498 τῶμεν
219 407 354 496 αύτούς,
383 419 416 478 εί
439 435 489 489 τις
517 405 630 478 αύτῶν
649 408 795 498 γαμετὴν
823 404 844 498 ἢ
872 411 1047 499 θυγατέρα
1072 437 1085 478 ι

82 516 244 604 τοιαύτην
265 510 403 603 ἐὔχεται
431 515 590 602 γενέσθαι
610 511 776 604 μάλλονῆ
803 513 866 603 την
883 516 1085 605 Πηνελόπην

82 630 191 692 καίτοι
224 624 276 691 ἐπὶ
309 623 431 710 ταύτης
459 618 562 691 οὐδὲν
582 619 728 711 Ὅμηρος
760 628 866 691 εἰπεῖν
899 629 973 711 ἔσχε
1001 625 1084 692 πλέο

83 733 141 818 τῆς
170 729 395 819 σωφροσύνης
423 729 479 796 καὶ
507 731 566 817 τῆς
594 734 796 817 φιλανδρίας
823 731 878 798 καὶ
906 732 965 816 της
992 732 1027 810 ἐς
1045 728 1084 798 τό

86 834 210 924 ἑκυρὸν
238 839 422 923 ἐπιμελείας
449 834 584 903 καὶτὸν
602 841 719 904 παῖδα·
748 841 840 923 ἔμελε
869 834 906 904 δὲ
933 833 1000 923 άρα
1029 834 1084 904 οῶι

84 946 153 1010 τῶν
185 939 300 1030 ἀγρῶν
333 945 443 1030 ἐκείνη
478 939 556 1011 ούτε
587 945 655 1009 τῶν
687 947 870 1029 ποιμνίων·
903 949 1084 1031 στρατηγία

86 1048 123 1116 δὲ
150 1044 170 1136 ἢ
195 1054 404 1136 δημηγορίαν
434 1045 513 1116 οὐδὲ
544 1046 628 1137 όναρ
652 1045 769 1136 (εἰκὸς)
799 1051 908 1137 ἐκείνη
936 1052 1084 1138 παραστίΙ

50 1162 145 1224 Βναί
170 1177 262 1223 ποτε·
297 1152 380 1222 άλλά
407 1155 464 1222 καὶ
494 1150 592 1222 ὁπότε
620 1155 729 1240 λέγειν
762 1157 863 1243 ἐχρῆν
890 1160 938 1235 είς
970 1153 1011 1223 τὰ
1040 1182 1081 1243 με

86 1289 199 1349 ρακια,

160 1398 261 1468 ’Ἀντα
289 1400 459 1487 παρειάων
487 1402 633 1487 σχομένη
661 1399 784 1489 λιπαρά
812 1401 981 1490 κρήδεμνα

87 1540 201 1631 πρᾴως
233 1542 426 1627 ἐφθέγγετο.
476 1542 531 1608 καὶ
566 1538 629 1608 οὐκ
667 1537 805 1629 άπορῶν
830 1538 977 1630 Ὅμηρος
1016 1541 1083 1629 οἷμι

87 1646 292 1734 τηλικούτων
321 1653 430 1735 ἔργων
450 1643 531 1715 οὐδὲ
551 1643 748 1734 ὀνομαστῶν
776 1644 827 1716 ἐπ’
858 1644 974 1729 αὐτοῖς
992 1675 1082 1733 γυνα

88 1755 158 1821 κῶν
189 1752 315 1840 ταύτην
347 1750 475 1840 ὕμνησε
514 1754 754 1841 διαφερόντως·
789 1755 867 1841 ἐξην
898 1758 985 1840 γοῦν
1018 1753 1083 1822 αύτ

88 1858 150 1947 την
177 1862 234 1947 τῆς
259 1856 435 1947 Ἀμαζόνος
463 1866 645 1946 φιλοτίμως
667 1859 758 1928 πάνυ
788 1868 963 1950 στρατείαν
991 1866 1083 1949 διηγι

90 1967 222 2057 σαμένφ
250 1964 312 2053 τὴν
340 1972 477 2054 ποίησιν
497 1963 631 2034 άπασαν
658 1968 822 2055 ἐμπλῆσαι
854 1967 1018 2036 τοιούτων
1038 1974 1083 2036 διι

89 2072 247 2160 γημάτων
265 2075 398 2161 τέρπειν
416 2064 456 2141 εὖ
475 2073 562 2160 μάλα
580 2074 636 2140 καλ
655 2086 871 2160 ψυχαγωγεῖν
900 2076 1081 2162 δυναμένω

6 2246 13 2256 ,
61 2175 139 2246 ,3ού
166 2177 231 2267 γάρ
260 2177 300 2268 δὴ
331 2186 460 2266 τείχους
487 2179 549 2266 μὲν
578 2183 718 2267 αἵρεσιν,
746 2181 802 2248 καὶ
831 2187 1032 2269 πολιορκίαν
1056 2209 1083 2249 x«

89 2285 217 2374 τρόπον
248 2285 324 2354 τινὰ
360 2292 551 2373 ναυμαχίαν
588 2283 676 2353 εἶναι
712 2290 898 2372 δοκοῦσαν,
935 2284 996 2355 τὸν
1028 2314 1082 2374 πρι

90 2406 160 2472 τοῖς
182 2398 340 2522 νεωρίοις
367 2392 529 2480 πόλεμον,
558 2388 683 2480 άνδρός
709 2419 744 2460 τε
773 2389 823 2461 ἐπ’
854 2390 940 2482 αὐτῇ
968 2395 1025 2461 καὶ
1052 2420 1082 2462 πι

90 2502 196 2586 ταμού
225 2499 334 2586 μάχην
363 2499 551 2584 ἐπεισάγειν
571 2506 709 2567 οἴκοθεν
728 2503 949 2568 διενοεῖτο”
910 2525 951 2627 τη
979 2500 1082 2589 ποιήσ

90 2604 209 2672 καινόν
236 2631 268 2671 τι
287 2606 396 2701 λε’γειν
415 2607 606 2691 ἐπιθυμῶν·
633 2608 733 2673 τοῦτο
754 2605 792 2674 δὲ
810 2615 902 2695 εἴπερ
925 2633 979 2692 ην,
1000 2603 1082 2676 ῶσπ

92 2700 156 2778 οὖν
184 2729 278 2797 φασι,
307 2710 521 2798 σεμνότατον,
550 2708 722 2798 όλιγιόρως
750 2708 838 2780 οὕτω
866 2714 1035 2801 παρέλιπε.

91 2843 169 2885 ποτε
203 2809 266 2885 οὖν
299 2814 342 2885 άν
374 2843 423 2897 τις
456 2826 565 2885 αίτιον
597 2818 708 2903 λέγοι-
703 2821 784 2886 τοῦ
810 2815 940 2905 ’κείνην
968 2817 1076 2907 μλν’
1059 2846 1082 2888 ει

92 2936 199 2991 αινείν
237 2923 438 3011 προθύμως,
476 2922 607 2991 τούτων
646 2921 683 2991 δὲ
715 2925 769 2992 ἐπὶ
807 2923 949 3014 σμικρὸν
987 2953 1078 3014 μνημ

52 3029 224 3109 Βνεύειν;
254 3027 304 3099 ότι
319 3027 390 3099 ’διὰ
410 3029 471 3117 μὲν
499 3027 561 3116 τὴν
589 3031 719 3116 ἐκείνης
746 3028 868 3120 ἀρετὴν
895 3032 951 3100 καὶ
980 3053 1078 3121 σωφρ

161 3276 392 3348 4ἐσχχεν1ἔει
462 3273 649 3348 ssew&
718 3273 973 3365 θούτεΗ]οόδε
1044 3285 1060 3334 8

93 3343 143 3408 κός
162 3349 224 3400 add.
244 3349 310 3400 Rsk.
382 3353 412 3402 11
433 3348 534 3414 odyss.
555 3366 584 3428 α,
602 3353 653 3402 334
713 3352 745 3401 15
763 3365 902 3416 στρατιαν
918 3351 943 3400 V
1012 3343 1081 3403 20'
1062 3369 1081 3403 α

94 3410 162 3482 δρός
181 3432 211 3469 τε
230 3415 264 3485 V]
283 3409 444 3497 άνδρόςδὲ
514 3408 574 3467 24’
578 3417 680 3485 κείνην
698 3414 739 3485 Μ]
750 3409 875 3497 ἐκείνην
943 3420 977 3470 25
995 3433 1080 3485 σμικρ

93 3481 169 3552 VM]
198 3483 331 3552 σμικρῶν
372 3485 554 3538 Scribendum
582 3491 676 3536 autem
706 3478 817 3538 τούτων
847 3484 919 3569 (τῶν
949 3476 1081 3551 όνομαστι

94 3553 239 3616 γυναικῶν
257 3572 283 3620 p.
304 3556 353 3604 1⁰7
366 3546 452 3620 1))(λ
472 3545 539 3605 οὐδ’
560 3544 608 3605 ἐπὶ
627 3548 746 3619 σοικρδν
765 3549 962 3621 μνημονεύειν
