2392 3960
484 150 665 202 ιιΡιετοιε
682 155 724 205 ιο.
1047 153 1111 218 539

36 306 39 370 ξ
91 283 209 366 αὐτοῖς
249 284 380 374 ῆδονὴν
420 292 519 374 ἔσχον
558 283 618 373 ἀφ’
657 277 707 355 τόν
744 287 888 375 ἐδήλουν
925 289 1110 376 ἐγίνωσκες.

36 441 39 478 i
91 392 195 461 πάλιν
227 393 423 473 ἐπανιόντος
454 397 567 462 οίκαδε
599 397 661 461 τοῦ
692 396 842 482 τροφέως
867 397 937 463 των
964 397 1109 482 ἐμαυτοῦ

91 504 238 567 παιδίων
261 500 384 590 ἑτέρων
406 492 511 588 ῆρχου
533 498 618 585 πρὸς
640 498 678 567 σὲ
699 498 917 589 γραμμάτων,
941 497 1031 588 ὁμοά
1053 502 1109 569 καί
1127 517 1152 570 D

90 603 154 692 τῆν
182 607 234 674 ἐπὶ
261 622 332 687 τοῖς
359 605 534 694 φθάνοντα
561 603 661 695 χάριν
688 603 866 692 ὁμολογῶν
888 606 945 674 καί
966 604 1050 694 πρὸς
1071 634 1108 676 το

36 789 38 798 Ι
64 711 168 798 εὲξῆς
200 714 237 779 ἐν
269 722 330 804 ίσφ
361 710 451 801 παρά
483 714 547 780 σοῦ
579 709 642 798 τῆν
669 709 845 778 ἀντίδοσιν
871 714 984 780 αίτιόν.
1029 709 1111 799 μετὰ

90 821 194 885 ταῆτα
222 820 441 906 ἐπρέσβευσεν
464 814 509 896 ὥς
530 814 617 904 ῆμάς
640 813 658 885 ὃ
683 813 784 896 καλὸς
805 816 1007 904 Σωῗπατρος·
1045 818 1110 906 ἐγὼ

36 942 41 1005 ζ
91 922 129 989 δὲ
152 921 198 1002 ὡς
220 929 345 1010 ἔγνων,
369 920 475 1002 εὐθὺς
497 918 715 1009 ἀναπηδήσας
736 914 799 1011 ῆξα
821 921 877 989 καί
899 926 1110 1008 περιπλακεὶς

38 1054 53 1081 ·
92 1029 261 1116 ἐδάκρυον
282 1027 342 1116 ὑφ’
368 1027 509 1115 ῆδονῆς,
541 1024 644 1123 οὐδὲν
666 1025 749 1097 ἀλλο
771 1023 793 1114 ῆ
817 1027 855 1097 σὲ
877 1029 932 1099 καὶ
954 1026 995 1097 τὰ
1018 1031 1109 1118 παρὰ

90 1146 153 1203 σοῦ
176 1134 260 1224 πρός
281 1133 367 1222 ῆμάς
389 1131 617 1223 ὀνειροπολῶν
639 1133 824 1222 γράμματα.
855 1132 900 1215 ὦς
919 1134 957 1204 δέ
976 1140 1109 1225 ἔλαβον,

54 1263 77 1304 1⁰
91 1245 234 1330 ἐφίλουν
256 1243 311 1311 καὶ
329 1228 400 1322 τοῖς
419 1238 610 1327 ὀφθαλμοῖς
627 1243 810 1328 προσῆγον,
833 1242 888 1310 καὶ
907 1239 1006 1330 ἀπρὶξ
1025 1244 1109 1331 είχό-

89 1376 174 1437 μην,
207 1347 317 1436 ὥσπερ
347 1345 467 1427 δεδιὼς
493 1345 538 1434 μῆ
554 1344 652 1434 Ιλάθη
675 1371 716 1433 με
739 1343 892 1415 ἀποπτάν
915 1348 952 1416 ἐν
975 1353 1015 1438 τῆ
1037 1354 1161 1419 τῶνωε

88 1453 294 1542 γραμμάτων
325 1450 514 1540 ἀναγνώσει
546 1450 583 1520 τὸ
615 1453 674 1540 τῆς
705 1455 766 1540 σῆς
794 1453 926 1536 εἰκόνος
953 1460 1109 1544 ίνδαλμα.

88 1561 145 1629 καὶ
179 1559 220 1646 δῆ
250 1563 321 1628 καί·
338 1557 551 1648 ἀντίγραφον
584 1555 705 1643 εὐθύς,
742 1554 784 1626 οά
811 1558 896 1648 πρὸς
923 1560 960 1629 σὲ
987 1563 1108 1649 μόνον,

88 1664 247 1734 ἀλλὰκαὶ
266 1665 351 1754 πρὸς
368 1664 429 1735 τὸν
449 1662 542 1754 ἱερὸν
555 1664 755 1751 Σοόπατρον,
772 1662 834 1733 τὸν
849 1665 980 1735 ἐκείνου
993 1672 1108 1754 παῖδα,

46 1789 74 1855 ¹⁵
87 1771 242 1859 καθάπερ
270 1769 505 1859 θρυπτόμενος
532 1768 584 1838 ότι
611 1767 671 1838 τὸν
694 1768 815 1838 κοινὸν
838 1769 971 1859 ἑταίρου
993 1773 1030 1842 ἐκ
1051 1777 1110 1862 τῆς

85 1876 263 1966 Ἀπαμείας
290 1874 365 1948 οἷον
392 1878 552 1964 ἐνέχνρον
579 1879 638 1963 τῆς
664 1874 827 1964 ὑμετέρας
849 1873 1012 1958 ἀπουσίας
1034 1881 1109 1948 ἀντ-

87 1985 262 2071 ειληφότες
298 1993 420 2071 είημεν.
472 1982 506 2062 ἐξ
540 1983 671 2059 ἐκείνου
706 1986 823 2070 τρίτην
858 1979 924 2069 ῆδη
956 1982 1040 2071 πρὸς
1071 1987 1109 2054 σὲ

87 2091 280 2178 γεγραφώς,
313 2087 414 2168 αὐτὸς
446 2089 608 2175 οὐδεμίαν
640 2087 746 2176 ἀλλην
775 2082 796 2175 ῆ
825 2084 888 2173 τῆν
916 2088 954 2156 ἐν
980 2080 1002 2179 ᾗ
1030 2092 1108 2180 μέμ-
1123 2121 1149 2163 τε

88 2205 216 2283 φεσθαι
241 2200 351 2274 δοκεῖς
373 2191 552 2281 ἐπιστολὴν
574 2193 747 2282 ἐδεξάμην.

41 2329 74 2373 20
181 2306 225 2368 Εί
246 2299 309 2388 μὲν
333 2297 374 2386 δῆ
399 2297 455 2367 διά
478 2302 577 2369 τοῦτο
601 2301 759 2387 ἐγκαλεῖς,
781 2302 839 2367 ἵνα
861 2304 906 2390 τῷ
925 2304 984 2388 τῆς
1001 2306 1150 2384 αίτίαςΒ

88 2407 231 2495 σχῆματι
268 2412 424 2486 πλείονας
459 2404 541 2494 ἡμίν
568 2403 732 2495 ἀφορμάς
761 2409 823 2475 τοῦ
854 2405 999 2494 γράφειν
1029 2432 1110 2495 προ-

89 2517 203 2603 ξενῆς,
232 2515 370 2601 δέχομαι
392 2511 455 2600 τῆν
477 2512 602 2599 μέμψιν
625 2510 769 2599 ἀσμενος
790 2509 896 2597 πάνυ,
919 2512 975 2580 καὶ
999 2509 1110 2596 ἐνόἷς

88 2620 251 2707 λαμβάνω
280 2621 317 2690 τὸ
342 2624 410 2688 πᾶν,
432 2622 490 2706 τῆς
512 2618 646 2706 χάριτος
669 2624 716 2699 είς
739 2617 884 2707 ἐμαυτὸν
907 2623 1109 2709 οίκειοῦμαι·

90 2734 123 2796 εί
160 2727 196 2795 δέ
234 2725 279 2807 ὡς
310 2724 446 2814 ἀληθῶς
478 2723 655 2794 ἐλλιπόντα
686 2752 717 2794 τι
749 2729 811 2795 τοῦ
841 2723 925 2812 πρὸς
956 2726 994 2794 σέ
1025 2737 1109 2795 καθ-

42 2861 74 2904 εε
90 2832 234 2920 η’κοντος
257 2836 357 2922 αι’τιᾷ,
379 2838 430 2912 τίς
452 2828 496 2900 ἀν
519 2833 602 2919 ἐμοῦ
624 2827 746 2918 γένοιτ’
765 2826 808 2899 ἀν
827 2827 1033 2920 ἀθλιώτερος
1051 2834 1108 2902 διά

90 2941 385 3027 γραμματοφόρον
416 2935 551 3007 ἀδικίαν
578 2934 600 3026 ῆ
628 2941 802 3028 ρᾳθυμίαν
828 2937 965 3007 πάντων
991 2937 1110 3026 ῆκιστα

163 3165 176 3212 1
196 3155 348 3228 ἐγίνωσκες
366 3161 404 3228 Η]
422 3155 573 3230 γινιόσκεις
628 3163 645 3213 3
662 3153 735 3227 πρός
752 3175 784 3214 σε
802 3179 820 3212 v
871 3163 889 3213 4
907 3160 936 3214 οδ
953 3164 970 3215 ό
987 3154 1023 3214 τά
1041 3155 1110 3228 ἑξῆς

92 3229 181 3282 Hrch.
250 3221 363 3295 ὅπαρά
382 3245 434 3282 τον
451 3248 482 3295 v,
502 3246 570 3281 corr.
588 3227 692 3295 Heyler
758 3219 865 3295 δῆσε
883 3249 915 3294 v,
935 3245 1005 3284 corr.
1023 3230 1108 3280 Hreh.

92 3300 109 3350 8
127 3303 157 3347 et
174 3300 190 3348 9
211 3289 291 3362 παρά
310 3312 361 3349 σον
379 3313 411 3361 v,
431 3313 501 3350 οοιτ.
522 3295 623 3361 Heyler
666 3330 669 3335 -
693 3298 725 3348 13
742 3287 814 3364 πρός
832 3311 863 3349 τε
880 3314 912 3358 v,
936 3312 1004 3352 corr.
1023 3297 1109 3349 Hreh.

93 3369 127 3416 17
146 3365 245 3431 τρίτην
263 3361 424 3432 Horkelius]
444 3357 553 3432 ταύτην
573 3363 579 3430 Ι
604 3354 676 3444 πρός
694 3378 725 3416 σε
744 3379 761 3414 v
829 3366 862 3415 22
880 3356 959 3416 πάνυ
976 3360 1017 3498 Ηρ
1035 3355 1110 3416 πάν·

93 3450 161 3495 τως,
180 3433 312 3499 expunxit
329 3431 415 3483 Hrch.
484 3435 517 3484 21
534 3425 688 3486 ἐλλιπόντα
700 3425 998 3513 proha-mavum
1037 3423 1110 3498 πρός
1181 3484 1185 3491 ,

94 3514 162 3546 MV
