2392 3960
213 162 394 214 EPISTOLA
412 163 461 213 AD
482 163 508 218 S.
529 163 557 212 P.
577 163 609 224 Q.
627 163 909 238 ATHENIENSEM,
1010 161 1072 226 367
1171 226 1173 230 .

59 289 221 380 χρήματα,
250 294 349 358 δυοῖν
375 288 523 378 θάτερον
549 292 811 378 προσδοκῶντες,
838 285 859 379 ή
884 289 1075 379 διαστήσειν
1151 377 1154 385 Ι

60 394 226 484 ἀλλήλους
252 391 274 484 ή
301 396 357 464 καὶ
385 394 597 464 παντάπασιν
624 397 804 465 ἐπιθέσθαι
826 422 883 484 μοι
910 399 1072 485 φανεραῖς.
1090 414 1117 470 Β
1162 392 1171 404 '

60 501 264 591 αἰσθόμενός
295 529 344 582 τις
375 504 443 569 τῶν
475 503 738 589 ἐπιτεταγμένων
768 506 808 592 τή
845 502 980 594 προόδῳ
1016 505 1074 591 τής

59 613 140 697 έμής
180 611 322 696 γαμετῆς
358 606 469 698 λάθρα
509 608 738 697 πραττόμενον
775 604 857 677 αὐτὸ
900 610 972 696 ἐμοὶ
1012 607 1074 696 μὲν

32 718 193 804 ιπρῶτον
221 713 395 802 ἐμήνυσεν,
424 709 469 794 ὡς
495 714 534 782 δὲ
552 712 639 802 ἑώρα
666 741 707 802 με
724 713 830 802 μηδὲν
856 716 1074 804 προσέχοντα,

58 820 324 910 παραφρονήσας
361 816 471 907 ὥσπερ
508 823 544 888 ολ
581 820 762 908 θεόληπτοι
803 826 948 911 δημοσία
988 823 1075 908 βοάν
1173 848 1176 858 ·

59 1036 149 1115 ξένοι
176 1034 241 1102 καὶ
281 1040 430 1117 πολῖται,
466 1030 510 1120 μή
552 1035 703 1122 προδῶτε
738 1030 800 1102 τὸν
836 1029 1074 1121 αὐτοκράτορα.

60 1139 130 1209 εἶτα
158 1142 307 1226 ἐμπίπτει
323 1135 435 1226 θυμὸς
459 1144 506 1219 είς
524 1136 603 1219 τοὺς
630 1138 843 1228 στρατιώτας,
870 1140 927 1207 καὶ
954 1139 1075 1220 πάντες
1173 1163 1174 1167 ’

22 1276 46 1314 ιο
60 1252 108 1326 είς
134 1243 175 1313 τά
202 1251 352 1332 βασίλεια
379 1241 459 1331 μετὰ
485 1247 554 1312 τῶν
581 1241 694 1314 ὅπλων
722 1251 830 1314 ἔθεον.
867 1243 1114 1331 καταλαβόν-(Β

60 1378 113 1432 τες
146 1354 186 1420 δέ
215 1378 254 1438 με
292 1353 396 1432 ζῶντα
433 1351 489 1418 καὶ
521 1351 676 1440 χαρέντες
713 1348 822 1439 ὥσπερ
861 1353 896 1419 οί
924 1348 1004 1432 τοὺς
1041 1352 1075 1432 ἐξ

62 1455 268 1527 ἀνελπίστων
300 1453 470 1543 ὀφθέντας
503 1462 623 1544 φίλους
659 1455 759 1538 άλλος
790 1454 936 1526 άλλοθεν
967 1459 1075 1546 περιέ-

61 1572 187 1652 βαλλον
219 1564 275 1632 καὶ
302 1565 527 1652 περιέπλεκονΥ
548 1565 605 1632 καὶ
634 1565 686 1633 ἐπὶ
717 1566 786 1633 τῶν
813 1561 914 1651 ὤμων
942 1568 1075 1652 ἔφερον,

61 1672 118 1740 καὶ
145 1661 189 1757 ήν
215 1695 285 1750 πως
311 1667 348 1737 τὸ
367 1671 503 1757 πρᾶγμα
520 1670 603 1750 θέας
622 1667 726 1756 άξιον,
755 1672 991 1760 ένθουσιασμῷ
1011 1667 1075 1758 γάρ

24 1804 48 1846 15
62 1776 166 1868 ἐφ’κει.
212 1771 256 1856 ως
293 1777 333 1844 δέ
366 1801 405 1862 με
443 1770 677 1863 ἁπανταχόθεν
714 1778 903 1864 περιέσχον,
937 1775 1076 1865 έξήτουν
1133 1811 1136 1814 ·

63 1881 211 1962 άπαντας
228 1878 312 1950 τοὺν
329 1886 569 1950 Κωνσταντίου
588 1887 709 1969 φίλους
727 1883 780 1950 ἐπὶ
797 1887 947 1973 τιμωρία.
979 1888 1075 1971 πηλί-

54 2017 124 2057 κον
156 1985 372 2075 ἠγωνισάμην
404 1983 520 2073 άγῶνα
557 1991 663 2055 σῶσαι
699 1987 903 2076 βουλόμενος
940 1984 1118 2074 αὐτούς,1)

64 2105 178 2163 ίσασιν
205 2097 241 2161 οί
263 2094 340 2161 θεοὶ
367 2092 496 2174 πάντες.
533 2090 616 2162 άλλδι
643 2091 685 2182 δή
708 2092 748 2162 τά
775 2091 856 2182 μετά
882 2096 1076 2175 τοῦτοπῶς

63 2199 147 2290 πρὸς
172 2197 232 2268 τὸν
251 2200 489 2268 Κωνστάντιον
516 2199 756 2289 διεπραξάμήν;
785 2197 878 2270 οὔπω
901 2201 957 2267 καὶ
980 2198 1075 2287 τήμε·
1120 2282 1123 2286 A

18 2333 49 2375 ιο
63 2334 125 2396 ρον
154 2306 220 2396 (έν)
248 2321 319 2386 ταῖς
337 2304 420 2395 πρὸς
439 2301 544 2374 αὐτὸν
571 2307 759 2387 ἐπιστολαῖς
785 2308 825 2395 τή
854 2311 995 2395 δοθείσῃ
1018 2333 1075 2394 μοι

63 2410 153 2501 παρά
193 2415 261 2480 τῶν
301 2415 394 2480 θεῶν
435 2413 608 2502 ἐπωνυμία
648 2414 822 2501 κέχρημαι,
857 2416 1001 2501 καίσαρα
1038 2410 1075 2480 δὲ

64 2516 210 2607 ἐμαυτὸν
237 2521 399 2607 γέγραφα,
427 2518 483 2586 καὶ
510 2518 647 2587 πέπεικα
664 2516 744 2599 τοὺς
771 2512 973 2608 στρατιώτας
996 2514 1081 2606 ὀμόῂ
1139 2520 1141 2522 ’

64 2647 119 2694 σαι
148 2652 206 2711 μοι
233 2622 376 2711 μηδενὸς
403 2623 635 2712 έπιθυμήσειν,
663 2632 754 2714 εἴπερ
773 2619 853 2713 ήμίν
872 2626 1076 2714 ἐπιτρέψειεν

64 2729 170 2811 άδεῶς
198 2736 302 2799 οίκείν
329 2728 387 2811 τάς
410 2735 563 2816 Γαλλίας,
590 2744 661 2811 τοίς
687 2731 931 2820 πεπραγμένοις
957 2750 1075 2800 συναι-

26 2863 50 2904 ιι
63 2839 171 2917 νέσας.
222 2833 351 2904 άπαντα
382 2834 423 2904 τά
454 2833 532 2924 παρ’
568 2838 640 2924 ἐμοὶ
671 2836 820 2925 τάγματα
855 2836 939 2926 πρὸς
966 2833 1128 2908 αὐτὸνιῦο

64 2949 209 3030 ἔπεμψεν
237 2941 410 3023 ἐπιστολάς
417 2994 427 3028 ,
458 2941 647 3012 ίκετεάοντα
673 2943 749 3032 περὶ
780 2944 839 3030 τής
865 2941 949 3033 πρὸς
976 2939 1075 3033 άλλή-

64 3057 145 3129 λους
181 3044 260 3136 ἡμῖν
298 3044 464 3136 ὁμονοίας.
510 3043 528 3118 ὁ
562 3047 598 3117 δέ
641 3044 715 3117 άντὶ
751 3047 881 3118 τούτων
906 3051 1076 3141 ,ἐπέβαλεν

64 3151 145 3242 ήμῐν
172 3152 252 3236 τοὺς
270 3154 473 3244 βαρβάρους,
501 3152 626 3243 ἐχθρὸν
649 3153 687 3224 δὲ
705 3150 913 3244 άνήγόρευσέ
927 3183 968 3245 με
994 3152 1073 3245 παρ’

133 3400 148 3445 6
166 3390 261 3462 μηδὲν
278 3392 315 3460 Η]
334 3390 430 3461 μηθὲν
486 3397 502 3448 8
520 3393 648 3460 προδῶτε
667 3393 746 3463 Cob.]
762 3388 889 3461 πρόδατε
947 3379 980 3444 12'
995 3409 1075 3462 περι-

13 3515 15 3519 ,
65 3461 186 3527 ε’βαλλον
204 3461 237 3529 V]
256 3461 426 3544 περιέβαλον
500 3466 534 3516 14
551 3477 611 3523 τινος
629 3461 707 3528 coh]
727 3462 796 3523 ἴσως
864 3465 897 3515 20
919 3455 950 3514 ίν
968 3462 1029 3512 add.
1048 3463 1076 3514 H

65 3534 98 3580 22
116 3527 249 3596 γέγραφα
269 3531 305 3594 Η]
325 3526 439 3596 ἔγραψα
507 3533 541 3582 24
558 3525 732 3591 συναινέσας
748 3529 821 3596 Pet]
839 3525 1007 3587 συναινέσαι
