2370 3908
119 154 181 218 342
421 156 564 206 IULIANI
582 137 829 207 ιαεεαινοιαε

116 281 343 372 Ἀναξαγόραν
372 291 452 362 ίσως
471 280 527 350 διά
546 280 608 369 τὴν
627 287 775 371 θεωρίαν
802 279 874 350 κατ’
904 281 986 352 ἀλλο
1016 282 1135 372 φήσεις

120 387 339 476 εὐδαίμονας·
372 388 554 477 Σωκράτης
586 389 623 456 δὲ
653 380 716 475 τὴν
747 394 897 477 θεωρίαν
928 390 1135 479 παραιτησά-

119 523 218 583 μενος
248 497 305 564 καὶ
336 492 396 564 τόν
428 493 610 582 πρακτικὸν
643 492 815 582 ἀγαπήσας
848 501 926 583 βίον
964 491 1048 564 ούδὲ
1079 499 1135 582 τῆς

80 617 101 672 O
121 605 261 689 γαμετῆς
288 593 331 689 ἦν
349 604 407 689 τής
434 597 540 670 αύτού
557 601 673 690 κύριος
692 597 773 670 οὐδὲ
795 603 858 669 τοῦ
884 601 1018 682 παιδός·
1047 592 1136 690 ἦνιού

120 736 157 793 γε
185 713 284 777 δυοῖν
310 703 331 796 ή
359 711 461 797 τριῶν
488 710 632 776 πολιτοὶν
660 711 775 802 ἐκείνω
808 722 942 797 κρατεῖν
970 703 1156 797 ἀκῆρχενςε

120 805 174 903 ἀρ’
206 805 269 883 οὖν
298 811 360 883 ούκ
388 805 431 902 ήν
459 815 584 894 ἐκεῖνος
610 813 797 903 κρακτικός,
825 815 895 883 ἐπεὶ
923 805 1134 901 μηδενὸςήν

121 922 285 1008 [ἐκεῖνος]
323 920 457 1010 κύριος;
495 917 559 1005 ἐγὼ
596 920 657 1006 μὲν
695 911 757 988 οὗν
791 916 1012 1008 Ἀλεξάνδρου
1050 921 1134 1007 φημί

119 1035 254 1114 μείζονα
281 1026 342 1096 τὸν
369 1033 618 1114 Σωφρονίσκου
646 1026 925 1114 κατεργάσασθαι,
953 1023 1017 1114 τὴν
1045 1024 1133 1094 Πλά-

118 1159 225 1214 τωνος
249 1130 338 1224 αύτῷ
363 1138 489 1220 σοφίαν
508 1130 689 1218 ἀνατιθείς,
712 1129 774 1220 τὴν
792 1134 1013 1220 Ξενοφῶντος
1039 1152 1134 1223 στρα-

119 1245 254 1326 τηγίαν,
287 1236 348 1328 τὴν
379 1236 613 1319 Ἀντισθένους
646 1236 821 1328 ἀνδρείαν,
853 1236 916 1326 τήν
944 1234 1177 1330 Ἐρετρικήνιι

120 1352 337 1434 φιλοσοφίαν,
365 1343 427 1434 τήν
454 1344 669 1434 Μεγαρικήν,
697 1342 757 1413 τὸν
784 1346 933 1432 Κέβητα,
961 1342 1024 1413 τὸν
1053 1353 1133 1432 Σιμ-
1175 1340 1177 1355 '

76 1469 100 1522 D
119 1459 211 1538 μίαν,
238 1451 298 1521 τὸν
318 1457 489 1538 Φαίδωνα,
517 1459 660 1541 μυρίους
687 1448 823 1532 ἀλλους·
851 1452 907 1520 καλ
934 1447 1032 1519 ούιεω
1051 1451 1134 1539 φημί
1175 1502 1177 1507 -

119 1555 177 1639 τάς
210 1559 390 1644 γενομένας
422 1553 502 1645 ἡμῖν
534 1554 670 1626 ἐνθένδ’
704 1553 873 1642 ἀποικίας,
904 1553 942 1626 τό
977 1557 1133 1641 Λύκειον,
1174 1524 1177 1647 λ

119 1660 183 1750 τὴν
219 1662 347 1749 Στοάν,
383 1660 441 1744 τάς
471 1660 695 1752 Ἀκαδημείας.
740 1669 790 1744 τίς
826 1655 890 1732 οὖν
927 1661 1044 1751 ε’σοίθη
1081 1660 1133 1732 διδ
1174 1704 1177 1735 ι

120 1767 181 1856 τήν
211 1767 428 1860 Ἀλεξάνδρου
461 1775 579 1857 νίκηυ;
616 1776 666 1850 τίς
696 1768 793 1850 αόλίς
829 1766 969 1859 άμεινον
1001 1767 1162 1863 ᾠκήθηςιι

120 1879 173 1956 τίςΙ
202 1870 308 1944 αὑτοῦ
342 1879 459 1962 γέγονε
491 1883 632 1964 βελτίων
666 1874 800 1964 ἰδιότης
832 1872 936 1965 ἀνήρ;
968 1886 1133 1947 πλουσιω-

120 1983 237 2070 τέρους
270 1982 331 2070 μὲν
364 1981 427 2071 γάρ
460 1980 605 2063 πολλοὺς
637 1977 680 2050 ἀν
713 1979 838 2069 εὕροις,
870 1982 1070 2072 σοφώτερον
1101 1982 1134 2051 δὲ

122 2085 247 2156 οὐδένα
276 2086 357 2158 ούδλ
385 2092 662 2180 σωφρονέστερον
690 2086 795 2158 αὐτὸν
813 2086 930 2175 αὑτοῦ,
959 2095 991 2158 εί
1016 2088 1133 2178 μήκαὶ

121 2197 247 2281 μᾶλλον
285 2192 428 2279 ἀλαζόνα
460 2197 516 2265 καὶ
547 2191 747 2284 ὑκερόκτηυ.
799 2193 874 2265 ὅσοι
905 2195 944 2264 δέ
975 2196 1135 2280 σώζονται

120 2303 187 2369 νῦν
215 2304 251 2370 ἐκ
278 2308 492 2391 φιλοσοφίας,
520 2300 576 2371 διά
603 2300 663 2371 τόν
681 2301 845 2393 Σωκράτη
874 2301 1045 2385 σώζονται.
1083 2303 1164 2372 καλο

70 2411 228 2479 κθστούτο
249 2406 311 2478 ούκ
330 2407 394 2494 ἐγὼ
413 2409 527 2498 μόνος,
548 2405 772 2498 Ἀριστοτέλης
791 2407 829 2477 δέ
845 2407 1012 2498 πρότερον
1030 2415 1136 2479 ἔοικεν

123 2515 286 2604 ἐννοήσας
305 2521 420 2602 εἰπεῖν,
449 2513 501 2584 ὅτι
519 2512 563 2603 μη
583 2530 678 2602 μείου
697 2513 788 2606 αύτῷ
808 2514 968 2605 προσήκει
996 2531 1136 2605 φρονεῖν

124 2622 176 2688 ἐκλ
213 2624 252 2710 τή
289 2625 468 2710 θεολογικῇ
510 2624 690 2712 συγγραφῇ
730 2623 791 2690 τού
832 2621 1036 2702 καθελόντος
1078 2622 1137 2708 τήν

122 2731 265 2815 Περσων
284 2727 438 2815 δύναμιν.
475 2735 534 2797 καί
558 2755 614 2817 μοι
634 2734 728 2797 δοκεῖ
751 2730 851 2798 τοῦτο
871 2730 998 2809 ἐκεῖνος
1025 2724 1137 2817 ὀρθῶς

123 2834 320 2919 ξυννοήσαι·
348 2835 447 2902 νικᾶν
466 2833 527 2923 μὲν
555 2833 619 2923 γάρ
639 2831 796 2923 ἀνδρείας
824 2836 893 2903 ἐστὶ
920 2834 1063 2923 μάλιστα
1082 2833 1164 2903 καλιι

122 2940 180 3024 τῆς
207 2939 318 3027 τύχης,
347 2940 472 3010 κείσθω
502 2942 550 3027 δέ,
578 2945 609 3009 εί
635 2940 763 3028 βούλει,
791 2942 846 3009 καὶ
873 2944 932 3028 τῆς
960 2942 1134 3030 ἐντρεχούς

208 3116 342 3176 4ούτοῦ
361 3123 397 3191 Η]
426 3116 517 3177 αύτοῦ
603 3130 687 3178 4et5
712 3114 792 3193 ἦπού
809 3143 841 3194 γε
865 3125 902 3193 Η]
926 3118 1004 3193 ήκου
1017 3143 1054 3248 γε
1122 3128 1135 3176 ’λ

124 3180 261 3258 [ἐκεῖνος]
282 3208 333 3242 om.
352 3199 406 3257 pet.
496 3196 527 3244 10
545 3185 686 3260 ἀνδρείαν
703 3193 739 3261 V]
759 3187 886 3258 ἀνδρίαν
966 3196 999 3245 18
1032 3184 1135 3248 νθένδ’

123 3254 161 3378 Ἦ
190 3253 287 3315 ἔνθεν.
316 3259 528 3313 vid.ad13213
617 3266 648 3313 14
672 3254 860 3328 Ἀκαδημείας
877 3259 915 3329 Η]
939 3252 1024 3315 'Amo
1045 3260 1134 3330 μίαςΙ

122 3341 137 3376 ο
160 3343 176 3376 ν
195 3327 262 3377 Cob.
280 3328 380 3378 Mnem.
399 3344 462 3380 nov.
480 3331 495 3378 2
515 3346 540 3395 p.
558 3325 603 3397 λλ]
623 3329 677 3381 νῦν
764 3331 795 3380 18
819 3322 889 3382 οὐδὲ
907 3281 1136 3396 σωφρονέστερον

123 3395 160 3455 Η]
179 3392 230 3445 καὶ
250 3391 493 3463 σωφρονέστερον·
514 3385 583 3450 οὐδὲ
652 3400 683 3449 21
699 3389 905 3465 Ἀριστοτέλης]
919 3397 1134 3464 Vid.Wyttenb.

123 3462 160 3512 ad
177 3463 251 3513 Plut.
270 3479 336 3515 mor.
355 3481 381 3531 p.
400 3466 432 3516 78
445 3468 486 3517 D·
502 3465 507 3527 Ι
538 3459 676 3530 πρότερος
693 3466 721 3516 H
806 3466 840 3516 26
861 3462 981 3532 κείσθω]
1002 3460 1132 3535 ιτροσιιεί·

123 3531 186 3581 σθω
205 3531 271 3587 Cob.
