2370 3908
121 169 182 232 174
419 167 563 219 mmm
583 166 834 219 ιιινοαλυοειε

119 323 238 385 μενον,
270 301 302 365 εί
327 294 371 384 μὴ
399 294 584 385 προσλάβοι
610 292 673 382 τὴν
699 296 761 362 τού
788 291 899 380 φωτὸς
929 287 1133 380 ἡγεμονικὴν

119 403 292 490 βοήθειαν.
338 398 461 492 ὁρατὸν
489 400 527 470 δὲ
554 397 639 481 ὅλως
657 408 708 487 είη
736 395 837 483 ἀντί
860 396 904 487 μὴ
929 400 1016 485 φωτὶ
1042 401 1131 488 προῖ-

117 536 178 577 τον
206 505 317 597 ὥσπερ
345 506 408 596 ύλη
436 513 566 596 τεχνίτῃ
592 508 798 596 προσαχθέν,
825 502 870 573 ἵν’
901 503 994 593 οἶμαι
1020 505 1059 574 τὸ
1087 502 1131 574 εί-

119 619 177 696 δος
218 617 363 702 δέξηται;
405 616 460 682 καὶ
497 612 561 703 γάρ
598 611 636 682 τὸ
678 619 818 702 χρυσίον
854 608 967 693 ἀπλῶς
1007 607 1131 682 οὑτωσὶ
1165 644 1174 663 ·

117 723 301 809 κεχυμένον
333 727 403 789 ἔστι
434 720 496 808 μὲν
527 726 684 809 χρυσίον,
717 716 759 788 ού
790 719 858 808 μὴν
890 716 1021 807 άγαλμα
1050 715 1155 789 οὐδέν

118 827 228 914 εἰκών,
256 828 336 917 πρὶν
355 823 397 895 ἀν
416 824 433 896 ὅ
453 833 601 914 τεχνίτης
629 823 719 917 αύτῷ
746 829 869 916 περνθῇ
896 824 959 913 την
986 825 1131 914 μορφήν.

117 931 244 1002 ούκούν
271 936 326 1001 καὶ
356 931 419 1002 ὅσα
445 935 595 1020 πέφυκεν
620 929 766 1022 ὁρᾶσθαι
794 931 838 1020 μὴ
867 930 929 1013 ξὺν
956 933 1043 1020 φωτὶ
1061 948 1133 1015 τοῖς

73 1035 220 1128 Βὸρῶσι
261 1039 495 1129 προσαγόμενα
540 1042 602 1107 τοῦ
648 1035 752 1128 ὁρατά
793 1037 881 1108 εἶναι
920 1036 1133 1108 παντάπασιν

118 1148 295 1232 ἐστέρηται.
342 1144 460 1225 διδοὺς
491 1135 555 1214 ούν
582 1159 653 1226 τοῖς
679 1173 714 1214 τε
746 1140 849 1235 ὁρῶσι
881 1141 919 1213 τὸ
948 1140 1034 1235 ὁρᾶν
1062 1161 1133 1228 τοῖς

116 1278 152 1319 τε
184 1247 366 1338 ὁρωμένοις
396 1248 434 1319 τὸ
467 1247 614 1340 ὁρᾶσθαι
647 1251 710 1321 δύο
744 1251 863 1338 φύσεις
894 1254 1044 1342 ἐνεργείᾳ
1071 1252 1131 1345 μιᾷ
1146 1279 1169 1318 ιο

116 1366 249 1442 τελειοϊ,
283 1355 363 1439 ὅφιν
390 1359 446 1425 καὶ
475 1354 610 1447 ὁρατόν·
644 1362 682 1426 αί
706 1357 743 1427 δὲ
769 1358 968 1446 τελειότητος
995 1363 1069 1446 είδη
1097 1361 1136 1429 τέ

117 1469 181 1532 είσι
212 1465 267 1532 καὶ
301 1461 408 1532 ούσία.
458 1461 541 1533 ἀλλὰ
572 1467 671 1533 τούτο
704 1462 765 1552 μὲν
803 1473 884 1546 ίσως
920 1462 1132 1554 λεπτότερον·

117 1561 144 1662 ᾦ
172 1569 208 1638 δὲ
236 1574 562 1660 παρακολουθοῦμεν
581 1570 774 1658 ξύμπαντες,
802 1568 944 1658 ἀμαθεῖς
962 1571 1018 1639 καὶ
1038 1575 1132 1640 ίδιῶ-

115 1704 180 1763 ται,
208 1676 390 1763 φιλόσοφοι
408 1678 465 1744 καὶ
483 1677 601 1764 λόγιοι,
629 1683 705 1745 τίνα
723 1679 761 1745 ἐν
788 1679 834 1769 τῷ
853 1678 953 1746 παντὶ
981 1675 1131 1766 δύναμιν

116 1780 265 1870 ἀνίσχων
298 1787 363 1870 ἔχει
394 1785 450 1851 καλ
482 1783 731 1870 καταδυόμενος
763 1779 781 1852 ὃ
809 1784 903 1867 θεός;
936 1784 1043 1853 νύκτα
1074 1787 1132 1854 καλ
1146 1806 1170 1849 ιι

20 1888 23 1895 ’
115 1884 242 1978 ἡμέραν
269 1888 437 1978 ἐργάζεται
468 1891 524 1959 καὶ
551 1896 728 1978 μεθίστησι
756 1893 910 1980 φανερῶς
936 1891 993 1959 καὶ
1019 1892 1133 1977 τρέπει

63 1993 156 2069 ιεετὸ
198 1999 274 2064 πᾶν.
333 2002 441 2064 καίτοι
482 2004 549 2064 τίνι
589 1999 687 2065 τούτο
729 2000 798 2066 τῶν
835 1994 945 2066 ἀλλων
982 1993 1133 2087 ἀστέρων

114 2098 269 2192 ύπάρχει;
297 2106 367 2185 πῶς
395 2093 459 2171 οὖν
487 2101 549 2172 οάκ
568 2106 603 2171 ἐκ
630 2102 760 2171 τούτων
782 2101 848 2192 ἤδη
875 2105 932 2172 καὶ
958 2104 1035 2192 περὶ
1062 2107 1132 2173 τῶν

115 2210 296 2298 θειοτέρου
323 2209 532 2297 πιστεύομεν,
561 2206 605 2289 ὡς
632 2207 696 2308 ἀρα
723 2210 779 2277 καὶ
802 2207 843 2278 τά
872 2204 956 2299 ὑπὲρ
983 2207 1045 2278 τὸν
1073 2208 1131 2280 ού-

116 2313 221 2405 ρανὸν
248 2313 363 2404 ἀφανῆ
381 2317 438 2385 καὶ
456 2325 533 2384 θεῖα
552 2318 681 2405 νοεροῖν
698 2318 791 2384 θεῶν
818 2316 898 2404 γένη
916 2318 975 2404 της
1003 2312 1131 2402 ἀγαθο-
1145 2339 1169 2380 ¹⁰

116 2425 227 2503 ειδούς
258 2420 509 2512 ἀποπληρούται
540 2419 617 2509 παρ’
653 2419 758 2490 αύτοιῖ
791 2421 980 2509 δυνάμεως,
1010 2413 1037 2514 ᾦ
1068 2427 1133 2505 πᾶς

115 2529 176 2616 μὲν
203 2525 331 2597 ὑπείκει
358 2527 459 2618 χορὸς
486 2526 646 2617 ἀστέρων,
674 2531 785 2597 ἕπεται
804 2524 883 2617 δὲὴ
912 2529 1041 2615 γένεσις
1060 2525 1127 2600 ὑπὸ

114 2638 173 2722 τῆς
209 2634 331 2703 τούτου
367 2635 605 2723 κυβερνωμένη
641 2640 864 2724 προμηθείας;
901 2639 937 2703 oc
970 2633 1031 2722 μὲν
1063 2634 1128 2727 γάρ

74 2740 277 2828 Βπλάνητες
309 2737 359 2809 ὅτι
386 2742 461 2829 περὶ
494 2738 598 2810 αύτὸν
627 2738 737 2827 ὥσπερ
768 2743 907 2829 βασιλέα
933 2740 1130 2831 χορεύοντες

115 2854 152 2914 ε”ν
178 2868 266 2914 τισιν
298 2842 495 2936 ὡρισμένοις
526 2847 610 2937 πρὸς
642 2844 755 2943 αὐτὸν
774 2847 997 2935 διαστήμασιν
1024 2844 1128 2939 ἀρμο-
1141 2868 1166 2911 ετ

115 2953 259 3022 διάτατα
278 2955 438 3043 φέρονται
456 2954 579 3044 κύκλῳ,
598 2953 802 3044 στηριγμούς
819 2980 913 3035 τινας
930 2954 1127 3044 ποιούμενοι

114 3062 170 3128 καὶ
197 3060 310 3149 πρόσω
338 3063 394 3129 καὶ
422 3057 528 3129 ὀπίσω
556 3066 705 3149 πορείαν,
734 3056 778 3140 ὡς
805 3063 841 3129 οί
864 3063 923 3148 τῆς
950 3065 1130 3151 σφαιρικῆς

114 3166 330 3254 ἐπιστήμονες
356 3173 503 3257 θεωρίας
520 3163 721 3255 ὀνομάζουσι
744 3164 785 3234 τά
802 3168 877 3257 περὶ
905 3163 1031 3248 αύτούς
1049 3196 1127 3255 φαι-

201 3354 213 3400 1
238 3341 393 3430 προσλάβοι
411 3349 503 3418 VMb]
529 3347 684 3418 προσλάβει
708 3353 773 3413 EF,
796 3345 943 3434 προσλάβῃ
960 3367 978 3403 v
1000 3351 1127 3403 lulianus

113 3419 258 3470 Platonem
277 3418 404 3485 sequitur
423 3420 456 3470 de
474 3419 544 3485 Rep
562 3420 600 3471 Vl
618 3420 707 3472 5071>
787 3413 912 3486 θύλην
980 3417 1129 3488 ὅπεριθη

113 3484 323 3567 Η]περιθείη
397 3489 412 3538 7
436 3479 489 3550 ξύν
506 3437 541 3570 VJ
561 3483 616 3539 σύν
703 3486 810 3555 1ομιᾷ
832 3487 935 3538 deest
928 3503 957 3537 m
974 3487 1082 3539 mareil.
1099 3494 1130 3539 et

114 3561 166 3620 pet.
238 3558 269 3607 13
289 3549 451 3622 ξύμπαντες
468 3553 502 3622 V]
521 3571 649 3616 απαντες
