2392 3960
483 188 616 240 ORATIO
634 189 657 239 Ι.
759 208 762 215 ’
1035 186 1077 250 25

57 313 266 405 ἀπέστησαν,
294 311 418 397 αὐτούς
440 313 721 404 ἀπωλοφύροντο,
750 317 785 382 οί
807 313 843 382 δὲ
866 313 927 402 τὴν
950 320 1075 405 παρού-

57 444 122 492 σαυ
150 423 257 511 τύχην
284 425 341 510 τῆς
367 423 519 509 πρόσθεν
546 419 687 509 ηγάπωυ
714 423 841 508 μάλλον
870 426 1076 505 δυναστείας.

57 532 114 598 καὶ
148 533 184 597 οί
215 528 274 616 μὲν
312 528 494 616 φεύγοντες
533 534 724 617 ἔμπροσθεν
762 533 846 618 ἔργω
885 545 1076 619 σωφρονεῖν

57 642 191 723 ἔφασαν
216 638 389 722 ἐκμαθεῖν,
414 641 449 703 οί
471 634 507 703 δὲ
530 637 591 702 τού
615 632 658 721 μὴ
679 637 880 722 μεταστῆναι
899 639 957 723 της
982 634 1075 724 ἀμοι-

26 745 132 830 οβῆςΙ
148 738 242 822 ἀξίας
268 741 453 828 τυγχάνειν.
494 740 639 828 τοσαύτη
673 740 709 808 δέ
738 741 865 828 ἐχρήσω
894 744 968 831 περὶ
996 743 1076 825 τοὺς

56 846 283 927 κατελθόντας
310 843 479 937 ὑπερβολῇ
507 849 644 934 δωρεάν
667 847 724 914 καὶ
746 850 855 934 τιμῆς,
884 845 968 916 άστε
992 850 1076 937 μηδὲ

56 969 127 1034 τοῖς
147 956 314 1042 ἐχθίστοις
337 956 435 1040 σφῶν
454 945 492 1022 εὖ
510 952 693 1042 πράττουσι
712 954 768 1021 καὶ
787 950 827 1020 τά
846 953 957 1022 είκότα
975 983 1074 1043 τιμω-
1092 965 1115 1017 Β

55 1062 172 1148 μένοις
199 1057 366 1147 άχθεσθαι
388 1059 473 1147 μηδὲ
498 1065 703 1147 βασκαίνειν.
744 1062 849 1127 ταῦτα
874 1060 910 1128 δέ
934 1063 970 1128 έν
994 1069 1075 1152 βρα-

55 1181 111 1254 χεῖ
136 1166 424 1254 καταστησάμενος
451 1167 506 1234 καί
534 1164 612 1246 τοὺς
640 1168 672 1247 ἐξ
698 1162 851 1253 Ἀραβίας
878 1166 999 1254 ληστδις
1023 1170 1075 1238 ἐπὶ

14 1296 43 1337 ιο
57 1271 138 1353 τοὺς
165 1278 344 1359 πολεμίους
370 1287 441 1352 ταῖς
468 1278 658 1362 πρεσβείαις
684 1275 820 1360 τρέψας,
850 1274 903 1341 ἐπὶ
930 1272 988 1354 τάς
1015 1277 1076 1343 τοῦ

56 1381 206 1466 πολέμου
238 1376 451 1467 παρασκευάς
482 1370 598 1465 ἦλθες,
631 1374 714 1468 ὑπὲρ
749 1369 796 1445 οἷν
830 1375 871 1446 ού
899 1394 1011 1470 χεῖρον
1040 1384 1076 1449 έν

57 1491 179 1573 βραχεῖ
199 1498 379 1573 προειπεῖν.

147 1592 213 1677 Τῆς
244 1589 308 1679 γάρ
343 1589 477 1680 εἰρήνης
504 1583 567 1679 τῆς
599 1590 750 1678 πρόσθεν
782 1604 852 1670 τοῖς
883 1589 944 1678 μέν
978 1613 1075 1682 στρα-

57 1697 250 1783 τευομένοις
282 1693 417 1783 ἀνείσης
449 1695 529 1777 τοὺς
560 1696 701 1782 πόνους,
737 1711 807 1776 τοῖς
843 1702 1077 1788 λειτουργούσι

16 1826 45 1867 1⁵
59 1801 96 1870 δὲ
129 1798 338 1891 κουφοτέρας
371 1800 442 1891 (τὰς
474 1801 696 1892 λειτουργίας)
728 1803 981 1893 παρασχούσης,
1014 1808 1075 1873 τού

56 1910 215 1995 πολέμου
239 1907 275 1976 δὲ
307 1909 485 1998 χρημάτων
517 1911 573 1976 καὶ
606 1915 797 1996 σιτηρεσιόυ
829 1910 885 1977 καὶ
917 1917 1076 2000 χορηγίας

56 2017 209 2102 λαμπράς
237 2017 414 2101 δεομένου,
441 2012 528 2083 πολύ
556 2014 593 2082 δὲ
620 2016 721 2082 πλέον
750 2014 864 2103 ίσχύος
886 2018 941 2083 καὶ
965 2017 1115 2105 ῥάμηςῦ

56 2121 113 2188 καὶ
137 2122 195 2208 της
218 2122 255 2188 έν
277 2135 347 2201 τοῖς
370 2119 484 2202 ὅπλοις
508 2124 678 2210 ἐμπειρίας
701 2124 769 2189 των
792 2123 1075 2210 στρατευομένων,

58 2221 267 2316 ὑπάρχοντος
295 2226 332 2294 δὲ
361 2224 503 2308 ούδενὸς
530 2226 652 2314 σχεδόν
678 2229 746 2294 τάν
768 2227 946 2315 τοιούτων,
975 2226 1076 2311 αὐτὸς

17 2355 45 2397 εο
59 2334 194 2421 ἐξηῦρες
222 2333 278 2400 καὶ
305 2335 519 2421 κατέστησας,
551 2349 621 2415 τοῖς
653 2331 714 2420 μέν
743 2333 809 2423 (ἐν)
837 2328 949 2424 ἡλικίᾳ
978 2357 1074 2424 στρα-

56 2436 216 2506 τεύεσθαι
254 2441 414 2526 λαχοῦσιν
451 2436 627 2521 ἀποδείξας
668 2443 736 2507 τῶν
773 2439 889 2508 πόνων
925 2443 1074 2529 μελέτην,

57 2550 296 2630 παπαπλησίαν
329 2545 366 2613 δὲ
396 2560 466 2627 τοῖς
497 2553 667 2633 πολεμίοις
700 2545 838 2635 ίππικην
870 2549 1074 2635 καταστησά-

57 2677 158 2738 μενος
191 2650 357 2738 δύναμιν,
394 2655 439 2743 τῷ
476 2654 559 2744 πεζῷ
598 2652 634 2721 δέ
672 2653 824 2734 ἐπιτάξας
854 2655 923 2720 τάν
958 2655 1074 2723 πόνων

58 2761 206 2843 ἔχεσθαι·
253 2758 309 2824 καὶ
341 2761 445 2826 ταῦτα
478 2755 519 2826 ού
552 2759 675 2847 ῥήμασι
702 2759 809 2847 μόνον
837 2756 917 2829 οὐδὲ
944 2762 977 2840 ἐξ
1006 2763 1074 2830 έπι·

20 2862 236 2949 εοτάγματος,
269 2867 414 2950 μελετῶν
442 2864 479 2932 δὲ
507 2863 607 2946 αὐτός
634 2866 690 2934 καί
718 2865 991 2953 συνασκούμευος
1018 2869 1118 2937 καὶΙ)

59 2968 224 3036 δεικνύων
252 2975 338 3060 ἔργω
366 2967 404 3038 τό
427 2974 607 3060 πρακτέον,
635 2974 790 3059 πολέμων
813 2972 952 3059 ἐργάτας
976 2971 1073 3061 άφνω

58 3078 267 3162 κατέστησας.
303 3075 481 3165 χρημάτων
500 3077 537 3146 δέ
556 3079 702 3158 ἐπενόεις
719 3078 856 3168 πόρους,
882 3075 943 3147 οὐκ
963 3078 1075 3161 αύξων

58 3179 137 3262 τοὺς
164 3181 293 3270 φόρους
321 3179 401 3251 οὐδὲ
429 3181 487 3264 τάς
515 3185 700 3270 συντάξεις,
727 3185 880 3275 καθάπερ
901 3183 1074 3273 Ἀθηναῖοι

126 3355 139 3401 1
164 3343 272 3412 αύτούς
296 3353 352 3402 VM
422 3355 437 3403 6
461 3351 544 3420 τιμῆς
568 3355 627 3420 (vel
651 3358 743 3420 potius
771 3355 871 3422 τιμῶν)
895 3353 975 3420 Esk]
1005 3355 1074 3421 τιμῇ

58 3410 237 3486 9άρραβίας
261 3420 318 3472 VM
389 3424 420 3471 12
444 3427 610 3488 προσειπεῖν
634 3423 691 3472 VM
761 3427 792 3473 15
819 3416 870 3482 τάς
894 3424 1073 3488 λειτουργίας

58 3486 213 3606 ηρόίΒεΙι.
282 3490 315 3539 20
342 3480 460 3554 έξηύρες
484 3488 522 3555 Η]
552 3482 664 3555 ἐξεῦρες
688 3489 692 3555 Ι
717 3483 747 3542 ἐν
771 3483 873 3561 ἡλικία
896 3491 964 3542 Rsk.
983 3494 1010 3540 et
1032 3489 1071 3556 H]

56 3570 156 3621 ονε
