2370 3908
116 176 180 239 344
418 179 560 231 ιυιιιωι
582 180 832 235 ιωΡιιιιιΤοιιιε

117 313 147 374 εἰ
172 302 263 376 τοῦτ’
295 303 376 399 ςόετο
404 306 619 396 κυριώτατον.
657 306 701 376 σὺ
727 307 765 377 δὲ
793 305 896 391 αὐτὸς
918 303 1001 397 όμῖν
1031 307 1135 399 ἄπρα-

116 442 192 495 κτος
220 411 263 499 εἶ,
296 412 375 501 μήτε
403 417 598 502 στρατηγῶν
629 415 710 502 μήτε
737 418 940 507 δημηγορῶν
967 414 1052 504 μήτε
1079 422 1135 485 ἔθ-

116 548 199 600 νους
225 514 246 606 η’
274 518 400 600 πόλεως
419 517 546 608 όίρχων;
574 516 646 589 ἀλλ’
678 517 741 589 οὐκ
768 516 812 589 όιν
830 528 914 611 φαίη
942 523 1032 591 νοῦν
1051 527 1137 611 ἔχων

118 624 212 715 ἀνήρ.
258 627 362 706 ἔξεστι
398 625 462 714 γόρ
501 646 555 694 σοι
592 627 803 714 φιλοσόφους
835 625 1021 718 (πολλοὺς)
1055 624 1135 697 ιἰπο-

118 731 278 820 φήναντι,
314 737 346 800 εί
378 732 414 801 δὲ
446 729 506 819 μὴ,
544 747 631 821 τρεῖς
662 728 684 820 ἢ
716 734 871 823 τέτταρας
909 740 1046 822 μείζονα
1075 732 1159 803 τὸνσ

118 846 195 926 βίον
223 836 435 928 εὐεργετῆσαι
453 841 522 906 τών
549 834 742 927 ἀνθρώπων
764 843 898 908 πολλῶν
926 835 1014 928 όμοῦ
1041 846 1136 928 βασι-

77 948 212 1014 Βλέων.
259 942 300 1014 οὐ
332 948 450 1032 μικρᾶς
478 944 580 1033 (γὰρ)
608 950 744 1034 μερίδος
770 941 789 1014 ό
818 947 1008 1034 φιλόσοφος
1039 946 1135 1036 προί-

118 1074 253 1141 στηκεν,
282 1047 377 1135 οὐδέ,
405 1050 559 1139 καθάπερ
587 1056 685 1139 ἔφης,
714 1054 906 1140 συμβουλῆς
933 1054 1003 1121 ἐστι
1032 1051 1137 1141 μόνης

117 1161 175 1244 τῆς
202 1154 285 1245 ὑπὲρ
313 1158 382 1224 τών
410 1159 535 1224 κοινών
562 1158 689 1238 ἐκεῖνος
706 1156 833 1247 κύριος,
861 1154 941 1226 οὐδὲ
969 1153 990 1246 ἡ
1019 1159 1137 1247 πρᾶξις

119 1269 165 1344 εἰς
193 1263 294 1350 λόγον
322 1253 423 1343 αὖθις
450 1258 540 1354 αὐτῷ
568 1269 784 1353 περιίσταται,
812 1269 900 1358 ἔργφ
920 1262 958 1333 δὲ
985 1266 1133 1353 βεβαιῶν
1146 1289 1168 1328 ω

117 1368 197 1451 τοὺς
223 1367 346 1454 λόγους
378 1369 433 1437 καλ
462 1368 667 1457 φαινόμενος
693 1371 861 1456 τοιοῦτος,
889 1364 1030 1451 ὁποίους
1057 1369 1136 1458 βοό-

118 1485 208 1544 λεται
245 1472 325 1555 τοὺς
356 1472 478 1555 ἄλλους
510 1473 611 1561 εἶναι,
648 1473 879 1565 πιθανώτερος
911 1470 954 1544 ἂν
991 1483 1045 1564 είη
1081 1476 1136 1545 καὶ

119 1579 202 1671 πρὸς
228 1578 266 1648 τό
294 1580 449 1668 πράττειν
481 1577 729 1670 ἀνυσιμώτερος
759 1584 828 1659 τών
856 1582 890 1662 ἐξ
918 1580 1136 1670 ἐπιτάγματος

80 1690 173 1756 wal
200 1684 258 1768 τὰς
285 1684 387 1767 καλὰς
412 1685 545 1775 πράξεις
571 1686 831 1777 παρορμώντων.
898 1736 924 1801 .

197 1789 281 1861 Ἀλλ’
312 1793 487 1861 ἐπανιτέον
514 1798 561 1873 είς
588 1789 694 1882 ἀρχὴν
712 1793 768 1862 καλ
796 1794 1050 1883 συμπεραντίον
1076 1790 1167 1882 τηνιι

120 1897 296 1986 ἐπιστολὴν
324 1904 458 1987 μείζονα
486 1907 565 1979 ίσως
593 1889 701 1968 οὖσαν
728 1901 790 1968 τοῦ
817 1901 964 1980 δέοντος.
1002 1905 1076 1968 ἔστι
1101 1896 1136 1968 δὲ

121 2009 158 2074 ἐν
186 2002 271 2095 αὐτῇ
298 2003 336 2074 τό
365 2004 559 2092 κεφάλαιον,
588 2001 639 2073 ὅτι
667 2004 748 2092 μήτε
775 2002 836 2074 τὸν
862 2004 971 2074 πόνον
1000 1998 1135 2093 φεύγων
1177 2024 1179 2069 ;

121 2112 200 2200 μήτε
232 2109 293 2199 τὴν
325 2107 455 2199 ἡδονὴν
486 2110 644 2199 θηρεύων
676 2110 756 2198 μήτε
789 2108 1052 2201 ἀπραγμοσύνης
1083 2111 1136 2180 καὶ

123 2217 294 2309 ῥηστώνης
321 2219 408 2306 ἐρών
427 2214 488 2286 τὸν
516 2218 552 2284 ἐν
570 2219 610 2305 τῇ
637 2223 786 2306 πολιτείᾳ
815 2220 1025 2305 δυσχεραίνω
1045 2223 1134 2305 βίον·
1177 2238 1179 2253 “

123 2322 208 2409 ἀλλ’,
245 2320 326 2411 ὅπερ
363 2329 451 2412 ἔφην
489 2324 522 2403 ἐξ
554 2318 670 2412 ἀρχῆς,
707 2319 785 2391 οὔτε
816 2326 972 2392 παιδείαν
1005 2325 1168 2417 ἐμαυτῷιι

79 2441 104 2518 D
124 2427 287 2511 συνειδώς
305 2429 472 2519 τοσαότην
491 2424 568 2496 οὔτε
596 2429 730 2515 φύσεως
751 2424 931 2518 ὑπεροχήν,
958 2429 1016 2498 καὶ
1033 2449 1136 2517 προσ-

123 2539 171 2605 έτι
204 2533 335 2621 δεδιώς,
369 2533 412 2624 μὴ
441 2541 662 2621 φιλοσοφίαν,
695 2525 735 2621 ἧς
762 2536 849 2623 ἐρῶν
872 2531 935 2604 οὐκ
961 2534 1139 2625 ἐφαιόμην,

123 2647 170 2724 είς
201 2639 279 2722 τοὺς
311 2643 377 2709 νῦν
408 2637 612 2729 ἀνθρώπους
644 2635 724 2709 οὐδὲ
756 2637 863 2722 ἄλλως
890 2637 1139 2729 εὐδοκιμοῦσαν

124 2747 303 2837 διαβάλλω,
330 2746 431 2816 πάλαι
458 2772 493 2814 τε
511 2752 661 2835 ἔγραφον
684 2746 795 2815 ἐκεῖνα
813 2748 869 2815 καλ
896 2749 962 2816 νῦν
979 2742 1040 2829 τὰς
1056 2743 1135 2837 παρ’

192 2890 306 2949 1τοῦτ’
325 2893 361 2964 V]
381 2892 465 2948 τοῦτο
551 2897 567 2945 3
591 2885 701 2962 ἅρχων]
721 2889 817 2948 ἄ..ων
834 2898 859 2949 V
890 2895 895 2961 Ι
928 2893 1003 2964 φαίη
1022 2896 1091 2950 Rsk.
1110 2901 1138 2948 et

123 2963 281 3031 Horkelius]
301 2981 369 3028 φ...
391 2965 429 3024 V,
454 2961 546 3030 φαίην
563 2979 581 3014 v
667 2966 685 3015 4
707 2955 832 3024 πολλοὺς
850 2964 912 3016 add.
930 2965 970 3027 H3
995 2965 1026 3015 in
1045 2964 1071 3015 V
1088 2965 1138 3016 hoo

124 3037 186 3085 Ιοοο
209 3032 313 3098 aliquid
335 3035 464 3084 extritum
486 3046 546 3083 esse
573 3032 691 3084 videtur.
726 3033 794 3084 Post
820 3024 1008 3116 ἀποφήναντι
1032 3031 1138 3084 addunt

126 3101 252 3153 neiskius
270 3096 467 3166 παμπόλλους,
487 3100 609 3150 Oobetus
627 3093 700 3150 δέκα
768 3100 854 3151 4et5
872 3114 954 3164 αποφ
960 3135 1036 3151 .....
1060 3096 1091 3153 εί
1106 3092 1138 3150 δὲ

127 3170 156 3232 V,
174 3159 307 3233 όποφη..
332 3163 359 3219 εί
375 3163 408 3220 δὲ
445 3173 490 3228 et„
510 3159 698 3233 ἀποφήναντι
716 3168 777 3221 Pet.
795 3166 891 3232 spanh.
973 3168 1060 3220 θυοδ
1078 3165 1138 3233 μεί-

126 3237 195 3300 ζονα
214 3263 246 3272 -
264 3185 444 3301 ἀνθρώπωνῖ
464 3236 532 3315 Huc,
551 3239 672 3301 spectat,
696 3240 727 3285 ut
744 3235 866 3314 αἰδοῖοι,
889 3233 990 3285 fluidas
1008 3250 1036 3286 v.
1056 3228 1139 3315 φιλό·

124 3320 214 3369 σοφος
282 3296 492 3370 δόνθρώπων]
518 3319 613 3354 ...ων
630 3302 655 3352 V
725 3305 813 3368 ’λγαρ
831 3300 893 3356 αδδ.
912 3301 940 3351 H
1008 3301 1139 3354 8ιιαθα·

124 3370 187 3438 περ]
211 3367 339 3438 ..θόπερ
357 3373 381 3421 V
466 3373 500 3421 14
523 3361 614 3429 ααλόις
632 3375 759 3452 οιαφω.
846 3370 879 3421 15
898 3366 1098 3435 ουμπερατίον
1114 3370 1139 3421 V
1177 3396 1179 3403 ·

126 3444 157 3492 18
174 3433 246 3506 μήτε
264 3429 330 3503 ἆπρ,
347 3437 384 3505 H]
403 3432 477 3503 μηδὲ
495 3430 562 3501 οἷπρ.
615 3439 649 3489 20
667 3452 734 3489 ουτε
751 3434 788 3502 Η]
807 3429 877 3489 οὐδὲ
944 3438 978 3488 28
997 3432 1052 3504 είς]
1068 3453 1091 3489 τι
1114 3428 1122 3449 ”

125 3508 191 3559 Oob.
226 3509 263 3558 At
284 3507 341 3562 vid.
359 3506 461 3557 Duker.
481 3505 516 3556 ad
533 3505 656 3570 Thucyd.
675 3508 700 3568 8,
720 3509 778 3569 109,
795 3502 1070 3571 Xen.1m.11‚1,2
1087 3452 1140 3566 ffii

124 3578 150 3638 ὁ,
165 3579 190 3639 2,
209 3576 280 3627 Plat.
298 3575 331 3626 de
349 3591 405 3642 rep.
420 3573 472 3624 VH
489 3575 539 3626 529
557 3571 578 3622 O
629 3575 662 3623 24
679 3570 751 3625 νοῦν
769 3578 824 3638 pet.
