2370 3908
458 124 593 175 ossmo
613 124 688 176 vm.
1008 124 1071 189 313

55 265 177 338 πεῖραν
204 252 350 339 ἐμαυτοῦ
378 250 575 339 λαμβάνων,
604 247 693 331 ὅπως
719 248 802 339 πρὸς
828 249 891 339 τήν
918 250 983 339 σήν
1011 256 1070 321 πο-

57 362 152 443 ρείαν
184 362 245 443 ἔχω
278 384 313 425 τε
344 359 401 425 καὶ
433 358 512 443 ἔξω,
544 360 708 426 τοσοῦτον
741 355 840 445 [μὲν]
875 354 1073 446 ὠδυνήθην,

57 460 139 532 ὅσον
167 460 221 532 ὅτε
247 467 381 553 πρῶτον
399 462 459 532 τὸν
487 466 634 550 ἐμαυτοῦ
652 463 869 551 καθηγεμόνα
896 466 1073 533 κατέλιπον

56 564 157 638 οίκοί·
185 568 322 638 πάντων
350 568 413 659 γάρ
434 567 570 660 άθρόως
597 570 700 659 είσήει
718 597 757 658 με
776 569 899 657 μνήμη,
926 573 985 658 τής
1003 574 1072 639 τῶν

20 676 174 751 ιπόνων
199 682 394 763 κοινωνίας,
428 667 477 744 οἷν
505 673 658 763 άλλήλοις
685 676 987 764 συνδιηνέγκαμεν,
1015 680 1073 765 τής

54 779 228 851 άπλάστου
265 783 322 850 καὶ
358 786 511 872 καθαράς
548 782 736 868 ἐντεύξεως,
768 784 826 869 τής
858 779 985 852 ἀδόλου
1017 784 1117 852 καὶΙ)

54 893 189 969 δικαίας
227 884 371 976 ὁμιλίας,
408 892 467 977 τής
498 892 535 958 ἐν
567 885 670 956 άπασι
706 902 777 969 τοῖς
812 897 926 970 καλοῖς
962 916 1073 959 κοιυο-
1162 901 1166 904 ⁴

52 1001 216 1083 πραγίας,
244 998 302 1083 τής
328 992 412 1083 πρὸς
438 993 518 1077 τούς
545 992 714 1084 πονηρούς
743 994 928 1121 ίσορηόπου
955 1023 989 1064 τε
1017 998 1074 1066 καὶ
1135 1086 1144 1091 ᾖ

53 1099 307 1190 άμεταμελήτου
334 1108 526 1190 προθυμίας
544 1128 579 1168 τε
597 1096 688 1168 καὶ
673 1104 786 1190 ορμής,
816 1129 861 1182 ως
883 1129 941 1189 μετ
945 1099 1073 1191 ’άλλή-
1137 1104 1141 1111 ’

10 1246 37 1284 10
53 1217 129 1276 λων
157 1213 296 1295 ἔστημεν
314 1206 504 1288 πολλάκις
490 1228 566 1276 ισον
588 1204 705 1294 θυμόν
723 1212 865 1295 ἔχοντες,
893 1200 1116 1297 ὁμότροποι

53 1315 115 1382 καὶ
147 1315 304 1383 ποθεινοί
331 1320 433 1403 φίλοι.
478 1312 562 1402 πρὸς
590 1312 627 1382 δὲ
659 1304 704 1381 αῦ
735 1313 867 1394 τούτοις
900 1314 1003 1404 είσήει
1034 1342 1075 1401 με

54 1418 171 1508 μνήμη
202 1422 264 1488 τοῦ
299 1419 416 1506 Οίιόθη
450 1417 481 1489 δ’
509 1417 681 1500 Ὀδυσεύς
714 1420 782 1507 εἰμὶ
813 1417 879 1509 γάρ
906 1419 978 1506 ἐγὼΙ
1004 1424 1069 1488 νῦν

55 1529 175 1618 ἐκείνω
202 1527 446 1615 παραπλήσιος,
479 1527 549 1596 ἐπεὶ
577 1526 614 1594 σὲ
646 1525 707 1612 μὲν
739 1524 822 1595 κατά
853 1525 913 1595 τὸν
932 1524 1074 1616 Ἕκτορα

54 1631 140 1713 θεὸς
167 1631 326 1719 ἐξήγαγεν
354 1634 415 1712 ἐξω
435 1635 553 1719 βελῶν,
583 1623 631 1700 οἷν
650 1636 685 1700 οί
710 1631 920 1719 συκοφάνται
947 1633 1127 1701 πολλά-242

10 1775 41 1814 1⁵
56 1768 110 1821 κις
146 1736 284 1826 άφήκαν
320 1739 374 1807 ἐπὶ
412 1741 473 1825 σε’,
501 1742 627 1827 μᾶλλον
665 1736 702 1806 δέ
734 1744 782 1819 είς
818 1740 888 1826 ἐμέ,
922 1739 978 1807 διὰ
1011 1742 1075 1808 σοῦ
1172 1769 1175 1773 ·

56 1848 190 1935 τρῶσαι
218 1845 433 1933 βουλόμενοι,
461 1845 565 1933 ταύτη
593 1871 632 1931 με
660 1843 767 1931 μόνον
794 1840 964 1932 άλοόσιμον
991 1841 1073 1913 ῦπο-

57 1951 343 2057 λαμβάνοντες,ε
327 1956 359 2020 εί
384 1954 446 2020 τοῦ
472 1953 593 2020 πιστοῦ
625 1956 728 2037 φίλου
760 1952 816 2018 καὶ
845 1954 1075 2019 συνασπιστοῦ

56 2039 241 2148 προθύμοῦ
279 2058 336 2127 καὶ
372 2056 456 2147 πρὸς
491 2054 571 2138 τοῦς
602 2055 786 2138 κινδύνους
819 2053 1075 2145 άπροφασίστου

57 2167 228 2234 κοινωνοῦ
255 2167 314 2252 τής
341 2168 524 2245 συνουσίας
551 2162 754 2252 στερήσειαν.
792 2160 833 2231 οῦ
852 2160 920 2251 μὴν
939 2169 1076 2232 ἔλαττον

13 2305 44 2347 20
59 2268 157 2359 οἶμαί
182 2291 219 2340 σε
246 2268 304 2339 διὰ
330 2273 429 2339 τοῦτο
458 2267 571 2356 άλγεῖν
598 2265 619 2356 ή
648 2267 713 2355 ἐγὼ
741 2272 817 2354 νῦν,
847 2266 897 2337 ὅτι
925 2289 980 2337 σοι
1006 2256 1075 2337 τῶν

57 2378 176 2446 πόνων
193 2379 250 2446 καὶ
276 2378 345 2445 τῶν
363 2375 534 2445 κινδύνων
562 2382 699 2445 ἔλαττον
717 2378 877 2463 μέτεστιν,
905 2372 989 2444 άλλὰ
1015 2375 1072 2443 καὶ
1091 2387 1114 2440 Β

57 2486 162 2553 πλέον
188 2479 273 2573 ὑπὲρ
301 2485 383 2571 ἐμοῦ
411 2483 557 2551 δεδιέναι
584 2483 640 2551 καὶ
657 2485 722 2569 της
739 2484 818 2570 ἐμής
844 2486 1000 2569 κεφαλής,
1028 2481 1073 2569 μή

58 2618 91 2659 τι
122 2589 226 2679 πάθη.
271 2591 328 2658 καὶ
360 2589 423 2677 γάρ
455 2615 507 2659 τοι
542 2589 598 2657 καὶ
631 2585 733 2670 αὐτὸς
767 2585 830 2657 οῦκ
862 2590 899 2656 ἐν
931 2587 1075 2679 δευτέρῳ

57 2699 128 2764 τῶν
155 2698 245 2784 ἐμῶν
272 2698 398 2784 ἐθέμην
416 2694 456 2764 τά
484 2695 537 2782 σά,
565 2695 622 2763 καὶ
645 2697 708 2763 σοῦ
736 2693 773 2763 δὲ
793 2689 916 2782 ὁμοίως
942 2700 1077 2782 ἔχοντος

21 2834 45 2877 τε
58 2801 146 2892 πρὸς
171 2797 258 2890 ήμᾶς
283 2799 449 2891 ήσθόμην.
487 2799 571 2871 ὅθεν
598 2800 733 2882 εἰκότως
760 2802 815 2869 καὶ
839 2800 927 2889 μάλα
954 2800 1075 2868 δάκνο-

10 2926 13 2967 ÷
59 2937 131 2997 μαι,
160 2904 212 2977 ὅτι
240 2928 305 2996 σοι,
332 2912 400 2977 τῶν
428 2906 538 2976 άλλων
566 2910 662 2976 ἕνεκα
690 2909 798 2993 λέγειν
826 2907 1003 2997 δυναμένω

130 3087 262 3158 λέξων
293 3092 379 3156 Ι
324 3087 379 3158 μ
397 3109 448 3144 om,
465 3091 494 3141 M
563 3085 652 3144 3τον
669 3108 720 3143 om
740 3091 767 3140 Μ
836 3081 987 3142 4πάνιων
1007 3086 1077 3156 VM]

59 3154 177 3220 πάντας
244 3163 316 3212 8τε
335 3176 387 3212 om.
404 3162 433 3211 M
502 3155 630 3227 9δρμής
653 3156 733 3225 Cob]
758 3151 854 3226 διόμης
925 3161 957 3209 10
979 3153 1078 3222 ἔχοντε

61 3229 140 3294 (λου,
160 3244 243 3295 quum
261 3227 386 3279 Iulianus
404 3228 484 3280 Iliad.
494 3244 535 3292 ν,
555 3231 606 3279 '104
623 3228 762 3307 respieiat.
800 3225 855 3276 Sed
876 3232 970 3290 potest
992 3225 1078 3274 etiam

10 3294 12 3322 i
59 3296 142 3348 Iliad.
162 3313 188 3362 ρ,
208 3298 404 3361 '120upectare
486 3299 517 3346 12
527 3265 569 3346 δ’
587 3286 725 3354 Ὀδυσεύς
744 3299 799 3359 pet.
819 3310 853 3344 ex
870 3293 951 3344 Iliad
970 3293 999 3354 λ,
1016 3294 1077 3355 401,

60 3359 95 3417 δέ
110 3333 269 3422 Ὀδυσσεύς
286 3363 343 3414 VM
391 3367 422 3414 13
432 3351 567 3430 Ἕκτορα]
586 3362 667 3414 Iliad.
686 3364 772 3424 λ,163
817 3363 925 3412 17et18
942 3328 1078 3441 Τιάυερο-

10 3437 12 3441 “
59 3432 180 3484 nendum
205 3436 248 3483 eut
270 3425 426 3514 προθύμου
448 3444 650 3508 ovvwmowv·
713 3433 743 3480 21
767 3425 899 3494 μέτεστιν
918 3423 987 3493 VM]
1012 3422 1079 3493 μίτ-

60 3515 120 3552 tou
192 3500 224 3549 24
243 3512 296 3550 σου
315 3493 348 3550 δε
367 3495 403 3564 Η]
423 3512 504 3562 σου
504 3513 525 3546 ε
