2392 3960
130 170 172 234 38
432 172 576 224 IULIANI
596 172 842 225 IMPERATORIS

129 300 244 389 νόμων
270 299 471 387 τολμήματα,
497 297 559 368 τὸν
585 298 647 387 μὲν
674 305 721 380 είς
749 304 848 387 δίκην
874 302 929 369 καί
957 307 1068 391 κρίσιν
1087 304 1142 373 ἐπὶ

128 408 197 475 τῶν
224 406 458 494 στρατοπέδων
476 405 685 494 προυκάλεις,
712 408 773 474 τοῦ
796 405 834 475 δέ
852 404 969 496 κριτὴν
996 403 1142 498 ύπελάμ

129 519 230 599 βανες
265 510 352 581 εἶναι
386 509 446 581 τὸν
482 511 636 599 πόλεμον.
692 509 763 580 ἀλλ’
802 510 914 600 ἐπειδή
950 516 1085 603 πρῶτον
1123 512 1142 585 ὁ

76 638 110 689 31
129 617 229 700 καλὸς
260 620 316 686 καί
344 616 481 698 συνετὸς
513 615 643 706 ἀπήντα
673 618 875 707 πρεσβύτης,
908 615 1144 711 εὐχερέστερον

129 731 311 815 παιδαρίου
343 723 435 805 τινὸς
466 726 719 812 μετατιθέμενος
750 723 791 793 τά
828 725 971 806 δόξαντα
1002 728 1059 795 καὶ
1091 718 1169 799 ῶνι

129 824 168 900 εὖ
185 831 290 901 πάθοι
310 831 467 919 δεόμενος
484 829 564 917 μετά
582 829 644 919 τήν
666 837 782 920 χρείαν
801 831 1002 919 ἐπιλήσμων·
1030 837 1145 924 παρῆν

129 938 166 1007 δὲ
194 936 287 1024 άγων
314 934 458 1006 ὁπλιτῶν
490 936 664 1024 φάλαγγας
689 939 745 1005 καὶ
776 936 882 1018 τάξεις
910 940 1052 1025 ίππέων,
1086 936 1144 1029 ῶς,

127 1050 159 1112 εί
184 1043 228 1131 μή
256 1049 384 1128 πείθοι,
416 1043 618 1130 βιασόμενός
646 1042 711 1132 (σε)
741 1038 847 1111 ὀπίσω
879 1043 980 1113 πάλιν
1007 1041 1144 1115 ἀπιέναι

126 1148 189 1237 τήν
217 1146 323 1238 αὐτήν
351 1146 532 1237 άπρακτον·
562 1146 665 1217 οὐδὲν
684 1152 865 1236 ἐκπλαγείς,
894 1147 945 1218 ὅτι
967 1148 1028 1218 τὸν
1055 1152 1141 1241 σύμ-

125 1283 233 1344 μαχον
251 1257 306 1324 καί
327 1254 512 1343 στρατηγὸν
535 1269 648 1342 μενεῖν
675 1255 961 1343 ἐπαγγελλόμενον
979 1258 1142 1346 πολέμιον
1155 1288 1182 1329 ιο

126 1360 212 1442 εἶδες
240 1364 272 1442 ἐξ
301 1370 375 1449 ίσης
402 1360 516 1449 άρχειν
535 1363 705 1447 ἐθέλοντα,
732 1368 841 1431 καίτοι
859 1365 904 1453 τῶ
931 1361 1054 1450 πλήθει
1072 1367 1142 1434 τῶν

86 1467 384 1557 Βστρατευμάτων
412 1468 658 1555 ἐλαττούμενος,
686 1469 756 1535 ἐπεί
784 1466 827 1556 μή
847 1467 967 1549 πάντες
995 1472 1143 1558 εἵποντο,

125 1572 210 1663 πρὸς
236 1572 357 1661 πλήθει
384 1577 571 1662 κρατοῦντα
599 1578 857 1660 διαγωνίζεσθαι
884 1573 1052 1665 τολμηρὸν
1079 1576 1143 1664 μὲν

127 1689 222 1765 ίσως,
250 1677 419 1768 σφαλερὸν
447 1679 484 1747 δέ
512 1677 618 1759 άλλως
646 1675 827 1767 ύπολαβῶν
854 1681 910 1747 καὶ
938 1680 1141 1769 κρατήσαντι

125 1789 165 1874 πή
193 1786 279 1874 μάχη
308 1784 364 1855 διὰ
391 1783 451 1853 τδν
479 1785 703 1873 ἐφεδρεύοντα
729 1801 799 1866 τοῖς
831 1801 959 1874 καιροῖς
986 1788 1043 1856 καὶ
1069 1803 1141 1871 τοῖς
1154 1817 1182 1860 ιε

125 1893 317 1982 πράγμασιν
344 1889 465 1980 άγριον
482 1892 662 1980 τύραννον,
691 1891 878 1978 ἐβουλεύσω
898 1895 1006 1973 καλῶς
1032 1894 1142 1981 μόνον

126 1997 213 2067 εἶναι
245 1998 308 2067 σὸν
345 1999 473 2066 ἐθέλων
504 1997 542 2067 τὸ
573 1999 791 2088 κατόρθωμα,
828 2001 883 2066 καὶ
915 1999 1054 2089 παρήεις
1087 2002 1141 2070 ἐπὶ

125 2104 163 2173 τὸ
205 2108 296 2194 βήμα
336 2102 416 2192 μετά
452 2108 513 2173 τοῦ
549 2107 630 2186 τέως
666 2104 904 2194 συνάρχοντος·
946 2106 1064 2195 συνήει
1102 2106 1141 2176 δέ

126 2207 261 2299 ὁπλίτης
289 2214 393 2299 δῆμος
425 2217 569 2298 στίλβων
596 2225 665 2291 τοῖς
692 2207 821 2297 ὅπλοις,
853 2208 893 2279 τά
921 2213 1000 2299 ξίφη
1029 2212 1141 2301 γυμνά

85 2319 181 2391 Oua]
208 2318 249 2386 τά
277 2317 402 2407 δόρατα
420 2324 660 2406 προτείνοντες,
689 2320 786 2408 δειλῷ
804 2316 866 2405 μέν
894 2320 1059 2406 φρικῶδες
1081 2321 1138 2387 καί
1152 2348 1180 2389 εο

125 2423 240 2493 δεινὸν
276 2426 401 2512 θέαμα,
439 2420 574 2514 εὐψύχῳ
608 2423 645 2492 δέ
680 2425 735 2492 καί
768 2425 944 2514 θαρραλέῳ
977 2425 1033 2492 καὶ
1068 2420 1140 2507 οἶος

125 2527 227 2610 αύτὸς
254 2532 395 2616 γέγονας
413 2526 534 2616 ὄφελος
553 2544 720 2618 γενναῖον.
758 2527 884 2598 ούκοῦν
911 2528 1024 2617 ἐπειδὴ
1048 2535 1139 2619 πρῶ-

123 2662 184 2704 τον
215 2633 304 2725 ήρξω
336 2638 404 2703 τῶν
436 2634 562 2722 λόγων,
595 2634 671 2724 σιγὴ
703 2635 781 2723 μέν,
797 2637 925 2723 ἐπέσχε,
957 2634 1040 2724 πρὸς
1077 2635 1141 2723 τήν

124 2739 230 2829 άκοήν
258 2738 464 2830 ὡρμημένων
486 2742 633 2828 πάντων,
660 2741 698 2810 τὸ
718 2741 918 2829 στράτευμα·
946 2740 1076 2828 δάκρυα
1100 2742 1140 2809 δὲ

124 2863 300 2936 προυχεῑτο
332 2856 483 2934 πολλοῖς,
515 2850 571 2917 καὶ
604 2851 637 2929 ἐς
669 2846 729 2917 τὸν
762 2845 910 2936 οὐρανὸν
940 2845 998 2924 τάς
1025 2858 1137 2933 χεῖρας
1150 2875 1179 2917 ιτ

124 2951 264 3043 ῶρεγον,
292 2957 370 3044 σιγή
397 2956 453 3023 καί
472 2957 577 3022 ταῦτα
596 2957 751 3045 δρῶντες,
780 2949 825 3034 ῶς
847 2952 941 3042 μήτις
967 2959 1138 3038 αίσθηται.

191 3130 454 3217 2προυκάλειρΗ]
474 3135 644 3203 προεκάλεις
713 3129 826 3195 ὄτινὸς
844 3132 879 3198 V]
897 3128 1008 3192 παντὸς
1066 3137 1138 3187 8σε

124 3204 232 3256 addidit
249 3206 277 3255 H
346 3209 526 3271 9απρακτος
544 3207 573 3255 Μ
599 3204 603 3269 Ι
628 3200 690 3271 τὸν]
716 3198 748 3255 τύ
768 3204 793 3254 V
861 3204 893 3251 10
915 3204 1015 3266 μενεῖν
1032 3199 1070 3267 Η]
1090 3199 1139 3266 μέ-

122 3288 186 3323 νειν
206 3269 211 3339 Ι
231 3264 477 3340 ἐπαγγελλόμενος
495 3274 520 3323 V
573 3277 604 3324 12
623 3265 832 3337 ἐλαττούμενον
849 3268 908 3319 VM
978 3270 1009 3318 14
1033 3259 1138 3335 άλλως]

121 3334 259 3399 πάντωςλ
290 3339 325 3391 ef.
343 3339 525 3393 222A353c
547 3340 551 3407 ]
572 3334 757 3407 upatn'dagv
825 3339 858 3387 15
879 3335 915 3402 τή
934 3330 1012 3420 μάχη
1031 3334 1067 3402 V]
1085 3337 1141 3404 τήν

123 3402 219 3475 μάχην
289 3411 320 3460 17
341 3405 462 3475 παρήεις
480 3408 548 3462 Rsk.
567 3415 596 3459 et
613 3406 715 3473 wytt]
734 3401 849 3470 παριείς
917 3407 951 3454 22
975 3402 1084 3458 ουκοῦν
1100 3404 1139 3471 V]

124 3469 178 3528 ούκ
201 3462 254 3528 οὖν
322 3478 356 3529 25
377 3478 496 3536 πολλοῖς
519 3475 591 3541 VM]
614 3480 674 3535 τοῖς
697 3476 816 3533 πολλοῖς
835 3472 841 3538 1
861 3465 890 3533 ἐς
907 3469 975 3537 VM]
996 3470 1036 3533 είς
1107 3474 1141 3524 26

121 3535 207 3610 μήτις
225 3542 292 3610 VM]
311 3542 416 3611 μηδεὶς
