2370 3908
121 197 165 261 46
424 199 565 252 IULIANI
589 198 832 251 IMPERATORIS

70 354 103 404 37
123 326 265 416 κοφόροι
292 325 407 395 καὶ
375 353 412 395 το
440 324 560 395 λοιπόν
587 328 655 394 τῶν
683 326 810 394 ἱππέων
836 327 1033 413 πλῆθος,ο
1015 325 1139 414 οίμδν

122 435 159 501 έκ
185 431 291 513 τόξων
319 431 506 520 βάλλοντες,
535 430 629 501 ἀλλοι
648 431 686 500 δὲ
712 430 950 512 ἐπελαύνοντες
976 429 1056 512 τοὺς
1084 435 1137 502 ἵπ-

121 565 221 624 πους,
258 536 403 620 πολλοὺς
438 537 499 626 μὲν
536 543 697 625 ἔκτεινον,
735 541 877 607 ἐδίωκον
914 537 951 606 δὲ
987 534 1139 620 ἅπαντας

121 647 298 735 καρτερῶς,
324 643 417 725 τινάς
444 644 505 732 μέν
522 642 606 733 πρὸς
629 641 666 712 τὸ
685 649 803 713 πεδίον
831 640 1026 734 ῶρμηκότας
1053 644 1137 731 φεύ-

121 778 208 836 γειν,
242 742 290 818 ῶν
316 747 338 839 ἡ
365 750 427 832 νὺξ
460 748 596 837 ὀλίγους
622 746 772 819 ἀπέσωσε
804 750 912 838 μόλις,
943 746 981 818 τό
1014 749 1165 819 λοιπδνε

18 927 32 952 ,
122 855 159 924 δέ
197 859 230 937 ές
266 855 327 926 τὸν
367 856 518 945 ποταμὸν
558 858 763 945 κατηνέχθη,
794 856 946 944 καθάπερ
983 859 1076 942 βοῶν
1114 852 1135 945 ἢ

122 963 343 1050 βοσκημάτων
375 961 475 1051 ἀγέλη
509 963 801 1051 συνελαυνόμενοι.
846 964 993 1031 τοσαῦτα
1026 963 1135 1032 έκεῖνο

120 1066 157 1136 τὸ
187 1068 374 1156 στράτευμα
401 1073 459 1156 τῆς
481 1072 543 1137 τοῦ
569 1069 741 1157 τυράννου
760 1073 893 1154 δειλίας,
922 1063 1025 1136 οὐδέν
1052 1070 1136 1137 έκεί·

120 1200 184 1241 νον
212 1170 340 1261 ὀνῆσαν
368 1177 404 1243 ἐκ
429 1178 488 1261 της
514 1171 671 1265 ἀνδρείας
697 1178 755 1263 τῆς
778 1169 893 1260 αὑτοῦ,
920 1173 1029 1261 μάτην
1055 1170 1135 1243 ἀπέ·

79 1287 233 1357 Βλαυσε.
283 1280 444 1368 τρόπαιον
486 1281 523 1350 δὲ
564 1279 748 1369 ἀνέστησας
789 1281 842 1348 ἐπὶ
878 1282 918 1368 τῇ
954 1286 1031 1367 νίκη
1071 1283 1136 1349 τοῦ
1150 1308 1177 1349 ιο

119 1385 278 1478 πατρῴου
309 1386 546 1476 λαμπρότερον.
593 1383 610 1455 ὁ
639 1386 699 1474 μὲν
732 1384 795 1475 γάρ
826 1383 907 1465 τοὺς
937 1387 1018 1466 τέως
1050 1381 1135 1472 ἀμά-

119 1518 200 1577 χους
233 1494 418 1572 δοκοῦντας
450 1489 543 1580 ἀγωυ
580 1492 708 1582 ἐκράτει
740 1493 899 1581 γέροντος
931 1494 1136 1578 δυστυχοῦς·

120 1594 164 1664 σὺ
192 1596 229 1665 δέ
256 1593 394 1684 ἡβῶσαν
412 1600 468 1666 καὶ
497 1596 709 1686 ἀκμάζουσαν
728 1595 770 1667 οά
797 1611 866 1678 τοίς
893 1611 1007 1677 κακοῖς
1025 1597 1136 1684 μόνον

120 1697 170 1782 οἷς
198 1708 288 1791 ἔδρα,
315 1706 355 1792 τῇ
383 1704 513 1792 νεότητι
537 1704 575 1773 δὲ
592 1706 705 1790 πλέον,
731 1702 793 1791 τὴν
820 1708 1005 1792 τυραννίδα
1032 1728 1133 1792 παρε-

120 1807 245 1896 στήσω,
278 1823 347 1890 τοῖς
374 1805 440 1878 ὑπὸ
470 1813 533 1877 σοῦ
560 1820 867 1898 παρασκευασθεῖσι
895 1810 1134 1897 στρατοπέδοις
1149 1834 1176 1877 ιε

118 1914 398 2003 παραταξάμενος.
448 1922 498 1996 τίς
534 1914 599 2006 γάρ
632 1921 737 1984 είπείν
775 1922 840 2003 ἔχει
876 1918 944 1982 τῶν
980 1913 1134 2003 πρόσθεν

118 2016 375 2110 αὐτοκρατόρων
394 2019 531 2110 ἱππικὴν
550 2023 697 2110 δύναμιν
714 2023 771 2091 καὶ
790 2018 914 2108 σκευὴν
932 2022 1000 2088 τῶν
1019 2016 1135 2090 όπλων

79 2126 278 2214 οτοιαύτην
314 2128 537 2215 έπινοησαντα
572 2129 628 2196 καὶ
665 2127 909 2216 μιμησάμενον;
945 2117 968 2215 ᾖ
1003 2128 1134 2216 πρῶτος

118 2229 220 2313 αὐτὸς
247 2234 540 2322 ἐγγυμνασάμενος
558 2233 759 2315 διδάσκαλος
786 2234 904 2319 έγένου
922 2244 992 2312 τοῖς
1020 2228 1134 2314 ἀλλοις

118 2335 232 2406 ὅπλων
258 2339 405 2427 χρήσεως
424 2337 563 2429 ἀμάχου.
599 2335 683 2429 ὑπὲρ
710 2331 750 2427 ἧς
777 2345 882 2408 εἰπεῖν
908 2337 1134 2425 τολμήσαντες
1147 2368 1174 2409 ιο

117 2445 235 2513 πολλοὶ
266 2448 325 2533 τῆς
357 2443 450 2526 ἀξίας
478 2445 678 2534 διήμαρτον,
707 2442 793 2514 ὥσθ’
824 2442 897 2514 ὅσοι
924 2446 992 2511 τῶν
1019 2443 1134 2529 λόγων

118 2546 321 2630 ἀκούσαντες
348 2548 492 2639 ὕστερον
520 2555 607 2619 ίδείυ
633 2548 827 2639 ηὐτύχησαν
854 2548 913 2630 τάς
941 2547 1045 2630 ἀκοάς
1073 2570 1132 2617 σα-

118 2658 191 2743 φῶς
218 2652 434 2745 ἀπιστοτέρας
452 2663 604 2743 ἔγνωσαν
631 2655 804 2727 εἶναιτῶν
832 2654 998 2743 ὀμμάτων.
1038 2652 1131 2723 ἀπει-

117 2788 179 2849 ρον
211 2760 274 2851 γάρ
305 2752 382 2849 ἦγες
415 2765 542 2832 ίππέων
572 2768 716 2851 πλῆθος,
749 2762 900 2851 καθάπερ
929 2758 1131 2850 ἀνδριάντας

117 2868 170 2935 ἐπὶ
197 2871 265 2935 τῶν
293 2872 403 2936 ἵππων
423 2866 638 2957 ὀχουμένους,
667 2864 717 2950 οἷς
741 2868 952 2958 συνήρμοστο
980 2864 1021 2934 τά
1049 2867 1131 2954 μέλη
1146 2896 1173 2937 ιε

72 2971 199 3047 Βκατά
226 2980 364 3061 μίμησιν
391 2977 451 3062 τῆς
468 2972 687 3065 ἀνθρωπίνης
714 2974 859 3062 φάσεως·
888 2970 953 3042 ἀπὸ
973 2971 1035 3059 μέν
1062 2975 1132 3040 τῶν

116 3076 228 3167 ἀκρων
256 3082 393 3168 καρπῶν
412 3083 445 3161 ές
468 3079 547 3162 τοὺς
574 3078 737 3168 ἀγκῶνας,
765 3083 895 3149 ἐκεῖθεν
914 3078 952 3146 δὲ
980 3079 1033 3146 ἐπὶ
1052 3075 1133 3158 τοὺς

183 3299 268 3348 2et3
292 3299 354 3356 τοις
378 3295 478 3376 ἵπποις
499 3298 528 3347 Μ
596 3291 664 3357 δός
681 3295 718 3364 V]
742 3294 784 3357 είς
852 3288 983 3348 9αυτοῦ
1002 3291 1129 3361 sabaea]

116 3355 207 3415 αὐτοῦ
275 3367 377 3415 9et10
399 3355 549 3443 ἀπήλαυσε
571 3365 630 3416 VM
700 3369 731 3417 13
758 3360 848 3432 μόνον
870 3361 948 3431 Ἡμ
949 3356 1028 3419 όννις
1099 3367 1134 3412 14

114 3428 202 3484 πλέον
220 3448 271 3483 om.
290 3432 319 3481 M
386 3435 508 3484 23et24
525 3422 645 3495 ἀπειρον
662 3434 742 3498 Βελι]
758 3383 903 3512 ἀπείρων
928 3381 990 3481 μ24
1007 3420 1079 3497 ἦγες
1096 3428 1133 3496 V]

116 3493 191 3566 εἶχες
260 3502 378 3551 26et27
402 3498 458 3551 τῶν
476 3493 572 3564 ἄκρων
591 3516 676 3566 καρπ
693 3491 772 3568 VJ*
753 3517 848 3567 ακρων
865 3498 922 3553 τῶν
939 3515 1026 3565 παρτ.
1098 3500 1132 3548 27

115 3560 145 3626 ές
163 3567 196 3633 V]
217 3565 258 3628 εἰς
