2370 3908
119 173 180 237 166
420 175 564 227 IULIANI
582 172 832 226 IMPERA'IORIS

66 304 179 372 129καὶ
202 301 337 372 πάντων
355 301 497 389 μάλιστα
515 304 663 371 ἐπαίνων
682 299 777 383 ἀξιον
794 297 833 369 τὸ
853 301 982 388 μηδένα
1009 314 1136 369 κτεῖναι

119 413 187 477 τῶν
214 411 361 478 πολιτῶν
378 409 463 496 μηδὲ
491 405 676 496 ἀφελέσθαι
694 404 734 476 τά
758 406 907 496 χρῆματα
925 405 1010 495 μηδὲ
1029 403 1135 499 ἀδίκῳ

119 518 212 603 (γυγῆ
240 522 448 602 περιβαλεῖν;
482 511 572 597 ὅστις
600 513 637 583 δὲ
669 511 753 603 πρὸς
779 511 839 594 τάς
869 512 1027 594 τοιαύτας
1055 534 1137 601 συμ-

119 620 228 710 φοράς
268 616 374 689 αὑτὸν
416 619 589 703 ἀντιτάξας
629 620 782 707 καθάπερ
828 618 941 708 ἰατρὸς
982 633 1137 705 γενναῖος
1176 660 1180 665 -

119 725 276 817 οὐδαμῶς
308 725 458 817 ἀποχρῆν
490 724 657 815 ὑπέλαβεν
689 723 780 818 αύτῷ
811 723 849 795 τδ
882 728 1001 815 μηδενὶ
1035 726 1160 815 νοσῆι

118 862 220 923 ματος
248 840 343 926 αίτίρι
364 838 535 923 γενέσθαι,
564 831 636 903 ἀλλ’
666 840 697 903 εί
722 832 766 922 μῆ
786 833 894 903 πάντα
913 839 961 914 είς
989 832 1137 921 δύναμιν

119 945 197 1034 ίῷτο
225 942 281 1010 καὶ
308 942 508 1030 θεραπεύοι,
542 938 644 1010 ούδδν
672 939 767 1022 ἀξιον
799 943 857 1029 τῆς
885 936 992 1008 αὑτοῦ
1019 941 1138 1033 τέχνης

117 1054 219 1136 ἔργον
246 1043 429 1134 ὑπέλαβεν,
458 1039 522 1136 ἀρα
550 1044 632 1134 ὑμῖν
660 1053 755 1116 δοκεῖ
779 1050 847 1115 τῶν
876 1054 960 1115 ίσων
988 1048 1138 1115 ἐπαίνων

77 1169 100 1221 Β
121 1157 158 1222 ἐν
186 1159 263 1241 δίκη
290 1154 484 1241 τυγχάνειν;
512 1154 567 1221 καὶ
587 1149 690 1222 οὐδὲν
707 1152 953 1242 προτιμῆσομεν
981 1150 1059 1221 οὔτε
1077 1150 1138 1221 τὸν

116 1259 244 1349 τρόπον
278 1256 355 1328 ούτε
386 1257 449 1349 τῆν
477 1259 637 1348 δύναμιν,
670 1255 733 1347 ὑφ’
764 1251 803 1348 ῆς
830 1261 934 1341 ἔξεστι
961 1257 1023 1346 μὲν
1051 1255 1137 1348 αύτῆ
1151 1292 1174 1331 ιι

119 1369 208 1455 δρᾶν
235 1363 301 1452 ὅ,τι
335 1361 378 1434 ἀν
406 1368 520 1455 ἐθέλη,
548 1369 640 1435 θέλει
665 1366 703 1435 δέ
727 1363 830 1435 άπασι
858 1362 1007 1451 τάγαθά;
1036 1368 1137 1434 τοῦτο

118 1471 183 1558 ἐγὼ
216 1472 403 1560 κεφάλαιον
434 1476 496 1542 τού
527 1470 652 1554 παντὸς
684 1475 825 1542 ἐπαίνου
862 1474 1040 1559 ποιοῦμαι,
1074 1468 1140 1540 ούιι

119 1576 257 1667 άπορῶν
285 1575 397 1648 ἀλλων
414 1586 619 1667 θαυμασίων
637 1577 725 1648 εἶναι
753 1579 948 1648 δοκούντων
975 1579 1032 1646 καὶ
1055 1587 1137 1665 λαμέ

118 1689 215 1773 πρῶν
254 1685 479 1773 διηγημάτων.
531 1692 561 1755 εί
592 1683 656 1775 γάρ
693 1685 736 1774 δῆ
772 1713 821 1767 τις
857 1683 919 1772 τῆν
955 1685 1032 1773 περὶ
1068 1687 1139 1752 τῶν

119 1789 231 1860 ἀλλων
260 1788 390 1879 σιωπῆν
408 1788 648 1861 ύποπτεύσειεν
672 1787 717 1872 ὡς
735 1798 879 1880 ματαίαν
907 1782 1015 1860 οὖσαν
1032 1811 1138 1880 προσ·
1152 1821 1174 1863 ιι

117 1904 255 1985 ποίησιν
282 1899 338 1966 καὶ
366 1894 562 1981 ἀλαζονείαν
584 1897 687 1987 κενῆν
715 1900 771 1967 καὶ
790 1895 938 1985 αύθάδη,
966 1893 1042 1965 ούτι
1070 1924 1138 1966 πον

118 2005 174 2073 καὶ
202 2002 264 2092 τῆν
291 2010 431 2093 ἔναγχος
459 2009 638 2093 ἐπιδημίαν
671 2007 857 2094 γενομένην
884 1999 970 2092 αύτῆ
998 2000 1063 2091 τῆν
1091 2009 1139 2084 είς

121 2109 180 2198 ιῆν
212 2107 355 2199 Ῥάμην,
393 2107 493 2181 ὁπότε
530 2112 742 2201 ἐστρατεύετο
780 2107 937 2198 βασιλεὺς
979 2109 1138 2198 ζεύγμασι

33 2207 40 2215 ’
79 2219 174 2285 Οκαὶ
205 2219 306 2286 ναυσὶ
343 2214 404 2286 τὸν
432 2213 552 2308 Ῥῆνον
585 2217 704 2306 διαβάς
737 2215 843 2305 άγχου
875 2218 945 2286 τῶν
973 2222 1138 2297 Γαλατίας

119 2319 238 2412 ὁρίων,
276 2327 384 2412 ψευδῆ
422 2326 478 2393 καὶ
516 2327 750 2414 πεπλασμένην
786 2321 894 2405 άλλως
925 2317 1139 2392 ύποπτεύσει.
1152 2352 1176 2394 ει

119 2432 196 2517 ἐξῆν
224 2429 265 2519 δῆ
296 2423 376 2516 οὖν,
410 2427 455 2511 ὡς
483 2430 585 2518 εἰκός,
619 2433 830 2522 διηγουμένῳ
857 2433 962 2499 ταῦτα
988 2432 1051 2497 τοῦ
1079 2429 1138 2517 δῆ-

118 2563 184 2623 μου
212 2539 405 2624 μεμνῆσθαι
432 2539 565 2626 καὶτῆς
593 2544 782 2627 γερουσίας,
810 2534 900 2617 ὅπως
923 2530 1030 2623 αύτῆν
1058 2530 1137 2604 ὑπε-

120 2643 232 2729 δέχετο
275 2639 341 2711 σύν
387 2648 552 2733 χαρμονῆ,
594 2643 779 2733 προθύμως
823 2639 1038 2722 ὑπαντῶντες
1082 2642 1138 2711 καὶ

118 2747 328 2841 δεξιούμενοι
356 2750 508 2840 καθάπερ
536 2751 639 2838 νόμος
673 2755 844 2838 βασιλίδα,
876 2751 932 2818 καὶ
959 2751 1028 2817 τῶν
1056 2745 1137 2817 ἀνα-

119 2855 282 2942 λωμάτων
316 2853 357 2923 τὸ
395 2858 551 2944 μέγεθος,
590 2853 635 2937 ὡς
672 2857 864 2944 ἐλευθέριον
900 2855 956 2924 καί
997 2856 1173 2942 μεγαλο-ιι

119 2964 250 3048 πρεπές,
277 2963 334 3030 καὶ
363 2965 421 3050 τῆς
449 2967 662 3054 παρασκευῆς
683 2961 746 3052 τῆν
773 2965 1000 3048 πολυτέλειαν,
1029 2957 1137 3031 ὁπόσα

119 3093 155 3134 τε
193 3073 300 3155 ἔνειμε
332 3071 401 3136 τῶν
433 3073 553 3156 φυλῶν
584 3084 654 3150 τοῖς
687 3068 875 3151 ἐπιστάταις
910 3069 966 3138 καὶ
1003 3068 1137 3138 ἑκατον-

76 3172 257 3262 Βτάρχαις
288 3177 350 3242 τοῦ
378 3175 531 3264 πλῆθονς
563 3173 874 3266 άπαριθμῆσασθαι.
919 3171 991 3244 ἀλλ’
1027 3180 1137 3262 ἔμοιγε

118 3282 187 3348 τῶν
214 3280 377 3349 τοιούτων
406 3279 483 3350 ούτε
511 3284 608 3364 ἔδοξέ
634 3308 713 3352 ποτε
742 3280 887 3370 ζηλωτὸν
915 3278 1032 3367 ούδέν,
1062 3278 1138 3350 ούτε

182 3491 201 3567 Q1
226 3480 414 3565 ἐπαίνωῌῆ
440 3479 562 3569 έπαίνομ
631 3456 747 3559 δἀύτῷ
771 3487 810 3554 Η]
837 3479 913 3558 αύτῷ
956 3478 1139 3569 ,θάλλειν

120 3556 246 3605 λαντον
264 3552 303 3620 Η]
324 3570 415 3607 αυτον
486 3559 518 3608 19
536 3572 631 3623 αγγου
650 3554 723 3622 Pet]
745 3555 826 3623 είγον
894 3559 928 3608 28
946 3557 1020 3607 αλλα
1037 3555 1063 3606 V
