2370 3908
126 213 167 278 82
425 214 569 266 IULIANI
591 212 842 267 IMPERATORIS

127 341 404 431 διαρπασόμευοι,
432 342 488 410 καὶ
517 340 650 410 ἐδέδοτό
679 361 762 429 σφιν
788 342 851 410 τοῦ
878 340 992 431 πρόσω
1020 356 1150 432 χωρεῖν

125 448 163 517 τὸ
193 462 347 536 σημείου,
381 445 537 516 ῶθοῦντο
571 446 770 534 ξύμπαντες,
804 445 905 528 αὐτός
935 474 986 529 τις
1012 447 1144 518 ἐθέλων

125 558 256 644 πρῶτος
284 556 463 623 ἐσαλέσθαι
490 552 528 623 τὸ
556 568 663 640 τεῖχος
689 555 745 624 καὶ
778 563 933 641 οἴχεσθαι
960 556 1075 645 φέρων
1101 554 1141 624 τὸ

126 659 177 731 ἐπ’
208 658 298 754 αὐτῷ
326 664 432 742 κλέος·
461 658 552 729 εἶναί
575 686 610 729 τε
633 658 736 730 οὐδὲν
756 660 913 744 ἐτόπαζον
942 662 1030 742 δέος·
1060 658 1144 730 οὐδὲ

126 767 190 857 γάρ
218 764 399 860 ὑπομενεῖν
427 770 525 855 σφῶν
552 764 613 855 τήν
641 764 749 857 ὁρμήν
776 764 856 847 τούς
883 771 985 836 ἔνδον
1011 764 1171 854 ήξίουν.ε

92 881 340 965 ὓΠαρθυαίοις
380 873 441 964 μὲν
481 877 645 943 τοσοῦτον
680 876 800 964 περιῆν
837 876 978 954 ἐλπίδος.
1034 878 1070 942 οί
1104 874 1144 943 δὲ

126 982 258 1070 πυκνήν
285 1008 320 1050 τε
349 979 440 1069 εἶχον
467 978 530 1069 τήν
549 979 706 1067 φάλαγγα
733 977 872 1050 κατὰτὸ
901 981 1144 1070 διερρηγμένου

125 1091 187 1157 τοῦ
219 1094 362 1175 τείχους,
395 1090 451 1155 καὶ
483 1082 567 1174 ὑπὲρ
600 1088 661 1154 τοῦ
695 1089 902 1167 συνεστῶτος
938 1082 1068 1155 ὁπόσον
1098 1077 1144 1173 ἦν

127 1191 261 1283 ἀχρεῖον
288 1196 417 1281 πλῆθος
446 1195 482 1261 έν
510 1195 550 1282 τή
568 1192 662 1262 πόλει
689 1194 895 1280 κατέστησαν
924 1189 1147 1279 ἀναμίξαντες

126 1302 194 1368 τῶν
223 1301 432 1388 στρατιωτῶν
451 1296 514 1368 οὐκ
538 1298 659 1368 ἐλάττω
688 1314 819 1389 μοῖραν.
857 1299 925 1367 ἐπεὶ
955 1298 993 1367 δέ
1021 1303 1057 1368 οί
1081 1324 1143 1367 πο-
1158 1324 1179 1365 ιι

127 1408 232 1493 λέμιοι
264 1405 503 1495 προσήλαυνον
539 1406 596 1475 καὶ
629 1403 731 1475 οὐδὲν
763 1403 812 1474 ἐπ’
848 1402 973 1486 αὐτοὺς
1009 1407 1045 1475 ἐκ
1082 1407 1146 1473 τοῦ

127 1519 257 1599 τείχους
285 1509 402 1599 ἀφίετο
430 1513 543 1599 βέλος,
571 1514 790 1601 βεβαιοτέραν
817 1509 909 1599 εἶχον
935 1509 997 1599 τήν
1024 1513 1146 1580 ἐλπίδα

127 1621 188 1686 τοῦ
216 1616 287 1686 κατ’
319 1616 422 1707 ἀκρας
451 1618 604 1707 αἱρήσειν
622 1615 684 1706 τήν
711 1617 821 1704 πόλιν,
848 1619 905 1686 καὶ
922 1615 1003 1698 τοὺς
1020 1618 1148 1698 ἵππους

128 1729 245 1793 ἔπαιον
277 1724 407 1812 μάστιξι
439 1726 494 1792 καὶ
527 1721 679 1813 ήμασσον
711 1723 770 1804 τάς
800 1722 946 1813 πλευράς
971 1737 1042 1805 τοῖς
1069 1725 1146 1793 κέν-

84 1853 110 1907 ])
128 1857 229 1919 τροις,
257 1833 319 1910 ἕως
346 1829 545 1917 ἐποιήσαντο
566 1832 663 1917 σφῶν
690 1826 774 1899 κατὰ
792 1829 903 1900 νῶτου
930 1828 971 1898 τά
993 1828 1179 1919 χρήματων

128 1939 301 2025 ἐπεποίητο
335 1936 372 2005 δέ
404 1932 461 2005 ὑπ’
497 1933 611 2005 αὐτῶν
648 1939 758 2006 ἐκεῖνα
789 1937 954 2026 πρότερον
984 1933 1070 2026 πρὸς
1105 1933 1146 2005 τὸ

128 2044 256 2130 ἐπέχειν
283 2046 345 2111 τοῦ
372 2048 577 2128 Μυχδονίου
604 2041 662 2124 τὰς
690 2043 817 2132 ἐκροάς,
847 2041 918 2123 ἰλύς
944 2069 980 2111 τε
1006 2033 1051 2130 ήν
1069 2043 1149 2132 περὶ

128 2148 165 2216 τὸ
197 2154 322 2239 χωρίου
360 2140 398 2218 εὖ
431 2150 518 2236 μάλα
554 2157 677 2236 βαθεῖα
715 2146 795 2217 οάδέ
832 2145 939 2218 αὐτοῦ
974 2151 1149 2230 παντελῶς

129 2253 227 2336 ὄντος
258 2250 323 2324 ὑπὸ
355 2258 414 2344 τῆς
446 2253 529 2343 ὕλης
560 2257 616 2324 καὶ
649 2259 705 2323 δια
732 2253 771 2324 τὸ
798 2260 931 2344 πίειραν
964 2251 1051 2324 εἶναι
1082 2252 1148 2343 τήν

129 2364 193 2450 χήν
224 2363 280 2430 καὶ
314 2363 441 2448 στέγειν
478 2361 651 2430 δύνασθαι
684 2360 784 2448 φύσει
815 2359 874 2442 τὰς
906 2360 1063 2448 λιβάδας
1100 2352 1177 2449 ήνε

129 2467 168 2536 δὲ
195 2471 344 2537 ἐνταῦθα
371 2470 427 2537 καὶ
454 2465 598 2536 παλαιὸν
617 2473 723 2557 ἔρυμα
750 2470 790 2557 τῇ
813 2465 908 2536 πόλει
934 2467 1062 2557 τάφρος
1090 2464 1148 2537 εὐ-

76 2603 110 2652 65
130 2589 212 2662 ρεῖα,
231 2575 287 2642 καὶ
306 2576 343 2641 ἐν
362 2571 446 2662 αὐτή
465 2573 657 2662 βαθύτερον
676 2573 884 2661 συνειστήκει
901 2575 1010 2661 τέλμα.
1043 2569 1146 2642 ἀπτο-

129 2681 240 2766 μέυωυ
272 2678 309 2748 δὲ
342 2677 406 2767 ήδη
438 2683 507 2748 τῶν
538 2686 706 2768 πολεμίων
737 2681 794 2749 καὶ
825 2679 948 2767 ταύτης
983 2680 1039 2748 καὶ
1073 2685 1147 2748 δια-

130 2792 261 2872 βαίνειν
288 2788 517 2874 πειρωμένων,
546 2785 725 2874 ἐπεξήισαν
756 2787 874 2855 πολλοὶ
901 2784 962 2873 μὲν
989 2790 1147 2874 ἔνδοθεν,

216 2988 228 3034 1
254 2978 483 3051 διαρπαοάμενοι
506 2987 539 3040 V.
575 2985 692 3039 Videtur
715 2989 809 3036 autem
829 2985 954 3037 Iulianus
981 2975 1148 3052 άναρπασάῖ

129 3068 212 3117 μενοι
235 3055 394 3119 εοείρείεεες
418 3054 472 3106 vid.
496 3054 661 3118 Wesseling.
686 3053 721 3103 ad
745 3053 856 3108 Diodor.
880 3053 936 3104 vol.
959 3055 973 3103 I
998 3070 1024 3118 p.
1044 3055 1096 3106 585
1118 3058 1149 3105 et

129 3120 238 3185 Pflugk.
263 3121 298 3170 ad
321 3122 386 3171 Eur.
408 3121 469 3172 Hel.
493 3123 541 3172 751
615 3114 831 3174 3έσάλλεσδαι
852 3121 885 3171 V.
924 3121 1041 3185 Spectat
1063 3122 1147 3173 Iliad.

130 3205 158 3252 μ,
177 3186 236 3239 438.
267 3190 303 3239 cf.
327 3190 402 3239 infra
425 3189 491 3240 7113
559 3183 678 3240 Islval
696 3204 728 3240 τε
746 3187 814 3255 VM]
838 3181 915 3240 εἷναι
934 3184 966 3241 δέ
1036 3191 1051 3240 5
1074 3181 1148 3242 ῶπο-

130 3260 231 3320 μενεῖν
249 3254 291 3376 ΗΞ
305 3248 461 3321 ὑπομένειν
489 3255 494 3322 Ι
521 3247 655 3375 ὁρμήνγ
724 3259 755 3307 11
775 3246 821 3309 ἐπ’
841 3250 949 3316 αάτούς
968 3251 999 3308 ἐκ
1016 3254 1070 3308 τοῦ
1088 3256 1149 3309 τεί.

149 3340 199 3384 ους
216 3322 252 3390 V]
292 3341 309 3374 κ
331 3322 381 3375 τοῦ
405 3323 518 3390 τείχους

130 3340 286 3459 ἐπεποίητο
304 3391 340 3458 Η]
364 3391 505 3474 πεποίητο
531 3389 537 3458 Ι
562 3383 661 3466 ἐχεῖνα
680 3389 719 3458 Η]
740 3386 859 3444 ἐκείνων
929 3393 961 3443 18
979 3385 1051 3443 οὐδὲ
1070 3384 1147 3444 αάτδ

130 3459 278 3520 παντελῶς
295 3448 329 3512 ἀν
349 3454 437 3527 ξηρὸν
454 3453 511 3512 υπά
529 3475 559 3511 τε
577 3465 649 3525 υλης
666 3460 733 3514 Rsk.
803 3461 835 3510 19
853 3455 919 3525 έλης
936 3459 961 3509 V
1012 3461 1046 3509 24
1064 3450 1148 3523 ἐπεξ-

127 3523 220 3597 ήεσιιν
243 3521 398 3597 (ἐπεξῇσαν
420 3527 609 3591 scribendum)
634 3544 685 3580 om.
705 3528 741 3590 V,
765 3530 849 3592 atque
873 3526 964 3578 locum
986 3532 1064 3578 certe
1087 3542 1146 3579 non

130 3612 209 3647 suum
228 3605 355 3663 occupat,
373 3597 422 3647 sed
440 3600 503 3664 post
521 3591 647 3648 ἔνδοθεν
664 3595 775 3647 videtur
793 3594 984 3647 collocandum

551 3318 582 3374 π’
604 3317 713 3385 αυτούς
787 3325 818 3374 15
841 3316 930 3389 κατά]
954 3316 1001 3375 ἐπὶ
1019 3325 1043 3372 V
1115 3328 1148 3376 16
