2392 3960
38 128 42 137 ’
492 156 627 208 ormo
646 157 679 206 r.
1037 158 1100 222 219

84 280 147 370 idm
173 280 232 352 διά
262 280 342 365 τούς
373 281 554 372 μυστικούς
581 285 637 353 καὶ
669 289 836 373 κρυφίους
862 285 1026 373 δεσμούς,
1058 285 1099 354 τά

85 388 123 457 δὲ
149 390 206 457 καὶ
234 391 382 477 ῥηθῆναι
409 393 490 459 πᾶσι
518 393 737 478 δυναμένους.
778 386 799 477 ἡ
829 390 866 459 δὲ
890 390 1010 480 έντομὴ
1037 395 1100 461 τοῦ

83 496 243 585 δένδρου,
270 500 369 565 τοῦτο
399 496 436 564 δὲ
462 499 502 585 τῇ
529 496 591 585 μὲν
620 501 748 587 ἱστορίᾳ
776 496 935 586 προσήκει
961 500 1001 587 τῇ
1024 499 1099 586 περὶ

81 599 142 669 τὸν
162 602 305 689 Γάλλον,
333 600 435 671 οὐδὲν
462 602 499 670 δὲ
521 617 592 684 τοῖς
609 609 820 691 μυστηρίοις,
849 598 900 684 οἷς
926 612 1098 693 παραλαμ-

57 707 238 795 οβάνεται,
267 708 498 778 διδασκόντων
525 705 611 797 ἡμᾶς
639 707 730 796 οἶμαι
757 711 825 776 τῶν
852 713 945 777 θεῶν
973 718 1098 799 συμβο-

83 816 201 901 λικῶς,
239 812 290 883 ὅτι
321 812 383 905 χρὴ
416 813 453 883 τὸ
486 815 662 884 κάλλιστον
694 818 729 882 ἐκ
762 817 822 903 γῆς
859 819 1099 904 δρεψαμένους,

84 916 207 1008 ἀρετὴν
234 919 314 1008 μετὰ
333 918 514 1008 εὐσεβείας,
543 918 738 1007 ἀπενεγκεῖν
760 924 800 1009 τῇ
818 924 899 1012 θεῷ,
928 921 1099 1009 σύμβολον

83 1029 141 1114 τῆς
168 1030 319 1096 ἐνταῦθα
345 1031 489 1117 χρηστῆς
506 1034 671 1107 πολιτείας
698 1026 868 1115 ἐσόμενον.
908 1025 945 1095 τὸ
961 1028 1029 1116 γάρ
1047 1056 1099 1098 τοι

84 1135 229 1223 δένδρον
258 1136 293 1202 ἐκ
325 1136 386 1222 γῆς
413 1133 474 1222 μὲν
505 1134 640 1221 φύεται,
673 1133 810 1202 σπεύδει
842 1133 879 1202 δὲ
913 1131 1022 1222 ὥσπερ
1050 1139 1133 1216 είςΒ

47 1266 71 1306 ιο
82 1237 143 1308 τὸν
176 1238 297 1329 αἰθέρα
329 1241 385 1309 καὶ
418 1245 504 1308 ἰδεῖν
531 1243 568 1309 τέ
594 1242 662 1308 ἐστι
695 1241 764 1326 [καὶ
799 1237 965 1327 ὀφθῆναι]
994 1239 1098 1310 καλὸν

83 1348 139 1415 καὶ
168 1344 267 1415 σκιὰν
299 1361 482 1435 παρασχεῖν
510 1348 547 1414 έν
575 1353 699 1432 πνίγει,
726 1343 792 1433 ἤδη
821 1345 857 1414 δέ
885 1348 940 1414 καὶ
968 1346 1099 1435 καρπὸν

84 1454 116 1533 ἐξ
149 1454 272 1521 ἑαυτοῦ
304 1460 487 1542 προβαλεῖν
518 1454 574 1522 καὶ
605 1459 823 1542 χαρίσασθαι·
862 1450 969 1533 οὕτως
1006 1451 1098 1546 αὐτῷ

83 1560 172 1627 πολύ
198 1566 234 1626 τί
258 1586 296 1644 γε
322 1561 384 1627 τοῦ
412 1565 554 1646 γονίμου
578 1565 753 1648 περίεστιν.
794 1553 875 1646 ἡμῖν
903 1550 966 1626 ούν
994 1555 1012 1628 ὁ
1040 1570 1098 1628 δε·

84 1663 168 1752 σμὸς
199 1665 470 1754 παρακελεύεται,
502 1680 573 1746 τοῖς
606 1665 707 1752 φύσει
740 1664 800 1752 μλν
833 1661 1019 1754 οὐρανίοις,
1052 1671 1099 1747 είς

45 1796 71 1837 15
83 1775 149 1859 γῆν
177 1771 215 1840 δὲ
247 1774 449 1859 ένεχθεῖσιν,
482 1769 604 1861 ἀρετὴν
636 1769 717 1860 μετὰ
745 1768 916 1858 εὐσεβείας
948 1768 1013 1841 ἀπὸ
1041 1775 1099 1860 τῆς

83 1881 121 1948 ἐν
148 1882 189 1967 τῇ
216 1881 259 1967 γῇ
287 1884 452 1972 πολιτείας
480 1873 713 1966 ἀμησαμένους
735 1875 825 1966 παρὰ
852 1875 913 1964 τὴν
941 1903 1098 1967 προγονι-

81 1983 149 2073 κὴν
185 1985 241 2052 καὶ
280 1984 449 2071 ζωογόνον
485 1984 644 2053 σπεύδειν
684 1983 776 2052 θεόν.
831 1980 938 2063 εὐθύς
975 1977 1038 2052 οὖν
1078 1981 1138 2073 ric

82 2091 224 2177 σάλπιγξ
252 2089 333 2178 μετὰ
359 2087 422 2178 τὴν
449 2088 591 2178 ἐκτομὴν
624 2093 782 2158 ἐνδίδωσι
810 2086 847 2156 τὸ
876 2085 1099 2176 ἀνακλητικὸν

82 2200 131 2289 τῷ
155 2194 280 2265 ’Ἁττιδι
313 2198 369 2265 καὶ
400 2212 471 2278 τοῖς
507 2194 581 2265 ὅσοι
612 2196 691 2265 ποτὲ
730 2192 921 2284 οὐρανόθεν
958 2200 1100 2284 έπτημεν

38 2332 70 2373 m
85 2309 134 2384 είς
164 2302 226 2391 τὴν
259 2306 322 2391 γῆν
355 2305 410 2371 καὶ
444 2305 612 2391 ἐπέσομεν.
658 2300 738 2390 μετὰ
775 2299 817 2389 δὴ
852 2299 890 2369 τὸ
929 2301 1100 2389 σύμβολον

83 2412 201 2496 τούτο,
238 2407 293 2478 ὅτε
326 2405 343 2478 ὁ
377 2407 533 2497 βασιλεύς
561 2406 669 2490 ’Ἀττις
706 2412 816 2494 ἵστησι
852 2404 914 2495 τὴν
947 2404 1100 2497 ἀπειρίαν

85 2513 144 2585 διά
171 2519 228 2604 τῆς
260 2519 412 2604 έκτομῆς,
443 2512 524 2604 ἡμῖν
553 2516 617 2603 [τε]
651 2519 686 2583 ολ
710 2516 787 2583 θεοὶ
818 2512 1016 2582 κελεύουσιν
1049 2516 1099 2582 ἐ·

84 2624 219 2711 τέμνειν
246 2624 301 2691 καὶ
330 2619 443 2704 αὐτοῖς
470 2622 532 2710 τὴν
551 2624 588 2689 ἐν
615 2617 696 2709 ἡμῖν
724 2618 839 2702 αὐτοῖς
867 2617 1022 2709 ἀπειρίαν
1044 2622 1100 2689 καὶ

85 2739 261 2817 μιμεῖσθαι
288 2727 367 2810 τούς
393 2725 498 2817 ἡμῶν,
527 2730 580 2797 ἐπὶ
608 2728 645 2796 δὲ
672 2726 709 2796 τὸ
739 2723 925 2816 ὡρισμένον
952 2728 1008 2795 καὶ
1027 2727 1100 2795 ἕνο-

40 2862 72 2904 25
86 2834 174 2915 ειδὲς
200 2842 270 2921 καί,
303 2845 393 2924 εῖπερ
422 2830 497 2904 οἷόν
524 2836 561 2903 τέ
586 2836 692 2920 ἐστιν,
720 2830 802 2901 αὐτὸ
831 2831 868 2901 τὸ
898 2837 935 2901 ἓν
963 2831 1100 2922 ἀνατρέ-

86 2964 171 3032 χειν·
200 2933 304 3030 οὗπερ
332 2944 517 3030 γενομένου
544 2940 677 3021 πάντως
695 2941 835 3008 ἕπεσθαι
862 2937 924 3028 χρὴ
953 2937 993 3007 τά
1018 2935 1144 3008 ‘liri-D

172 3130 187 3176 2
211 3123 272 3192 καὶ]
299 3124 348 3178 καλ
371 3119 423 3177 διὰ
445 3126 481 3179 Η.
516 3123 639 3175 Similem
661 3124 834 3175 librariorum
858 3138 977 3174 errorem
1000 3118 1033 3174 δὲ
1052 3140 1101 3188 pro

87 3187 120 3245 δ’
139 3187 170 3245 §i
189 3194 369 3244 scribentium
389 3194 475 3244 1391)
495 3193 609 3243 correxi.
632 3192 693 3242 Vid.
706 3198 799 3241 tamen
811 3191 879 3240 Nov.
892 3191 993 3242 Annal.
1006 3190 1101 3256 philol.

88 3266 119 3311 et
136 3260 215 3327 pand.
234 3260 296 3313 Vol.
315 3264 347 3312 75
366 3278 392 3327 p.
412 3263 461 3312 709
480 3264 508 3309 et
526 3260 588 3310 add.
607 3259 730 3324 Thucyd.
752 3262 779 3315 l,
798 3260 831 3309 75
850 3259 978 3308 Strabon.
998 3259 1011 3308 1
1030 3275 1055 3323 p.
1070 3261 1102 3309 29

87 3329 201 3381 Diodor.
219 3332 262 3392 21,
283 3332 325 3392 12,
342 3332 358 3380 6
427 3333 443 3380 4
462 3323 504 3387 οἷς
523 3344 574 3379 om.
592 3330 617 3380 V
686 3329 719 3378 10
736 3322 787 3377 καὶ
804 3317 940 3392 ὀφθῆναι
957 3325 1103 3376 delendum

89 3412 151 3448 esse
169 3396 241 3448 vidit
259 3398 291 3447 B.
309 3396 470 3447 Friederich
557 3398 587 3446 11
614 3390 680 3447 σκιά
699 3399 754 3459 pet.
842 3397 872 3443 12
895 3390 1052 3458 προβαλεῖν
1070 3393 1103 3446 Β.

88 3463 265 3532 Friederioh]
289 3456 463 3532 προβάλλειν
549 3466 581 3514 18
608 3458 745 3515 ἐνδίδωσι
767 3456 841 3529 Per]
865 3452 1000 3511 ἐκδίδωσι
1070 3463 1103 3511 22

89 3548 121 3583 τε
139 3532 254 3583 inclusit
272 3534 299 3583 H
368 3535 401 3583 24
418 3525 487 3590 τούς
504 3523 597 3599 ἡμῶν]
615 3527 644 3581 τὶ
661 3523 743 3597 ἡμῶν
761 3529 864 3594 Regius
882 3529 994 3578 Petavii
