<?xml version="1.0" encoding="UTF-8"?>
<!DOCTYPE html PUBLIC "-//W3C//DTD XHTML 1.0 Transitional//EN"
    "http://www.w3.org/TR/xhtml1/DTD/xhtml1-transitional.dtd">
<html xmlns="http://www.w3.org/1999/xhtml" xml:lang="en" lang="en">
 <head>
  <title>
</title>
<meta http-equiv="Content-Type" content="text/html;charset=utf-8" />
  <meta name='ocr-system' content='tesseract 3.04.00' />
  <meta name='ocr-capabilities' content='ocr_page ocr_carea ocr_par ocr_line ocrx_word'/>
</head>
<body>
  <div class='ocr_page' id='page_1' title='image "./iulianiimperato00juligoog_0252.png"; bbox 0 0 2392 3960; ppageno 0'>
   <div class='ocr_carea' id='block_1_1' title="bbox 125 157 837 222">
    <p class='ocr_par' dir='ltr' id='par_1_1' title="bbox 125 157 837 222">
     <span class='ocr_line' id='line_1_1' title="bbox 125 157 837 222; baseline -0.001 -11"><span class='ocrx_word' id='word_1_1' title='bbox 125 158 189 222; x_wconf 79' lang='lat'><strong><em>240</em></strong></span> <span class='ocrx_word' id='word_1_2' title='bbox 427 158 570 210; x_wconf 84' lang='lat' dir='ltr'>IULIANI</span> <span class='ocrx_word' id='word_1_3' title='bbox 592 157 837 210; x_wconf 78' lang='lat' dir='ltr'>IMPERATORIS</span> 
     </span>
    </p>
   </div>
   <div class='ocr_carea' id='block_1_2' title="bbox 76 281 1183 3247">
    <p class='ocr_par' dir='ltr' id='par_1_2' title="bbox 125 281 1164 800">
     <span class='ocr_line' id='line_1_2' title="bbox 127 281 1141 376; baseline -0.003 -19"><span class='ocrx_word' id='word_1_4' title='bbox 127 297 217 376; x_wconf 85' lang='grc' dir='ltr'><strong><em>είπερ</em></strong></span> <span class='ocrx_word' id='word_1_5' title='bbox 262 284 385 355; x_wconf 79' lang='grc' dir='ltr'><strong><em>ἑαυτὸν</em></strong></span> <span class='ocrx_word' id='word_1_6' title='bbox 430 282 588 371; x_wconf 92' lang='grc' dir='ltr'><strong><em>ἀγνοοίη·</em></strong></span> <span class='ocrx_word' id='word_1_7' title='bbox 635 284 743 353; x_wconf 86' lang='grc' dir='ltr'><strong><em>πάντα</em></strong></span> <span class='ocrx_word' id='word_1_8' title='bbox 789 283 854 371; x_wconf 82' lang='grc' dir='ltr'><strong><em>γάρ</em></strong></span> <span class='ocrx_word' id='word_1_9' title='bbox 894 281 996 366; x_wconf 88' lang='grc' dir='ltr'><strong><em>αύτός</em></strong></span> <span class='ocrx_word' id='word_1_10' title='bbox 1037 287 1141 371; x_wconf 78' lang='grc' dir='ltr'><strong><em>ἐστιν,</em></strong></span> 
     </span>
     <span class='ocr_line' id='line_1_3' title="bbox 128 386 1140 483; baseline -0.001 -21"><span class='ocrx_word' id='word_1_11' title='bbox 128 404 217 483; x_wconf 82' lang='grc' dir='ltr'><strong><em>ελπερ</em></strong></span> <span class='ocrx_word' id='word_1_12' title='bbox 245 394 301 462; x_wconf 81' lang='grc' dir='ltr'><strong><em>καὶ</em></strong></span> <span class='ocrx_word' id='word_1_13' title='bbox 329 395 366 460; x_wconf 80' lang='grc' dir='ltr'><strong><em>ἐν</em></strong></span> <span class='ocrx_word' id='word_1_14' title='bbox 394 393 500 482; x_wconf 75' lang='grc' dir='ltr'><strong><em>ἑαυτῷ</em></strong></span> <span class='ocrx_word' id='word_1_15' title='bbox 519 393 574 459; x_wconf 82' lang='grc' dir='ltr'><strong><em>καὶ</em></strong></span> <span class='ocrx_word' id='word_1_16' title='bbox 602 389 680 479; x_wconf 87' lang='grc' dir='ltr'><strong><em>παρ’</em></strong></span> <span class='ocrx_word' id='word_1_17' title='bbox 712 393 819 481; x_wconf 76' lang='grc' dir='ltr'><strong><em>ἑαυτῷ</em></strong></span> <span class='ocrx_word' id='word_1_18' title='bbox 847 396 912 478; x_wconf 78' lang='grc' dir='ltr'><strong><em>ἔχει</em></strong></span> <span class='ocrx_word' id='word_1_19' title='bbox 929 393 999 459; x_wconf 79' lang='grc' dir='ltr'><strong><em>τῶν</em></strong></span> <span class='ocrx_word' id='word_1_20' title='bbox 1028 386 1140 461; x_wconf 85' lang='grc' dir='ltr'><strong><em>ὁπωσ-</em></strong></span> 
     </span>
     <span class='ocr_line' id='line_1_4' title="bbox 126 493 1140 584; baseline 0 -16"><span class='ocrx_word' id='word_1_21' title='bbox 126 503 189 568; x_wconf 87' lang='grc' dir='ltr'><strong><em>οὗν</em></strong></span> <span class='ocrx_word' id='word_1_22' title='bbox 221 497 330 568; x_wconf 89' lang='grc' dir='ltr'><strong><em>όντων</em></strong></span> <span class='ocrx_word' id='word_1_23' title='bbox 371 497 428 579; x_wconf 84' lang='grc' dir='ltr'><strong><em>τὰς</em></strong></span> <span class='ocrx_word' id='word_1_24' title='bbox 461 503 581 584; x_wconf 78' lang='grc' dir='ltr'><em>αἰτίας,</em></span> <span class='ocrx_word' id='word_1_25' title='bbox 619 507 683 566; x_wconf 70' lang='grc' dir='ltr'><strong><em>εἴτε</em></strong></span> <span class='ocrx_word' id='word_1_26' title='bbox 720 494 902 566; x_wconf 79' lang='grc' dir='ltr'><strong><em>ἀθανάτων</em></strong></span> <span class='ocrx_word' id='word_1_27' title='bbox 934 493 1140 584; x_wconf 74' lang='grc' dir='ltr'><strong><em>ἀθανάτους,</em></strong></span> 
     </span>
     <span class='ocr_line' id='line_1_5' title="bbox 125 600 1141 694; baseline 0 -20"><span class='ocrx_word' id='word_1_28' title='bbox 125 615 190 674; x_wconf 76' lang='grc' dir='ltr'><strong><em>εἴτε</em></strong></span> <span class='ocrx_word' id='word_1_29' title='bbox 228 605 394 694; x_wconf 81' lang='grc' dir='ltr'><strong><em>ἐπικήρων</em></strong></span> <span class='ocrx_word' id='word_1_30' title='bbox 426 601 468 673; x_wconf 88' lang='grc' dir='ltr'><strong><em>ού</em></strong></span> <span class='ocrx_word' id='word_1_31' title='bbox 498 601 627 691; x_wconf 83' lang='grc' dir='ltr'><strong><em>θνητάς</em></strong></span> <span class='ocrx_word' id='word_1_32' title='bbox 659 600 740 672; x_wconf 74' lang='grc' dir='ltr'><strong><em>οὐδὲ</em></strong></span> <span class='ocrx_word' id='word_1_33' title='bbox 776 602 969 692; x_wconf 81' lang='grc' dir='ltr'><strong><em>ἐπικηρους,</em></strong></span> <span class='ocrx_word' id='word_1_34' title='bbox 1006 600 1141 686; x_wconf 89' lang='grc' dir='ltr'><strong><em>ἀιδίους</em></strong></span> 
     </span>
     <span class='ocr_line' id='line_1_6' title="bbox 126 706 1164 800; baseline 0.001 -20"><span class='ocrx_word' id='word_1_35' title='bbox 126 712 163 780; x_wconf 72' lang='grc' dir='ltr'><strong><em>δὲ</em></strong></span> <span class='ocrx_word' id='word_1_36' title='bbox 200 713 255 780; x_wconf 83' lang='grc' dir='ltr'><strong><em>καὶ</em></strong></span> <span class='ocrx_word' id='word_1_37' title='bbox 293 711 458 800; x_wconf 82' lang='grc' dir='ltr'><strong><em>μενούσας</em></strong></span> <span class='ocrx_word' id='word_1_38' title='bbox 494 706 545 779; x_wconf 79' lang='grc' dir='ltr'><strong><em>ἀεὶ</em></strong></span> <span class='ocrx_word' id='word_1_39' title='bbox 582 712 638 779; x_wconf 85' lang='grc' dir='ltr'><strong><em>καὶ</em></strong></span> <span class='ocrx_word' id='word_1_40' title='bbox 677 709 749 799; x_wconf 83' lang='grc' dir='ltr'><strong><em>(αἳ)</em></strong></span> <span class='ocrx_word' id='word_1_41' title='bbox 786 709 917 791; x_wconf 83' lang='grc' dir='ltr'><strong><em>τούτοις</em></strong></span> <span class='ocrx_word' id='word_1_42' title='bbox 957 711 1046 778; x_wconf 79' lang='grc' dir='ltr'><strong><em>εἰσὶν</em></strong></span> <span class='ocrx_word' id='word_1_43' title='bbox 1088 717 1164 781; x_wconf 68' lang='lat' dir='ltr'><em>etl-5</em></span> 
     </span>
    </p>

    <p class='ocr_par' dir='ltr' id='par_1_3' title="bbox 87 807 1140 1012">
     <span class='ocr_line' id='line_1_7' title="bbox 87 807 1140 906; baseline -0.002 -18"><span class='ocrx_word' id='word_1_44' title='bbox 87 824 192 888; x_wconf 79' lang='grc' dir='ltr'><strong><em>Οτίαι</em></strong></span> <span class='ocrx_word' id='word_1_45' title='bbox 223 821 281 906; x_wconf 78' lang='grc' dir='ltr'><strong><em>τῆς</em></strong></span> <span class='ocrx_word' id='word_1_46' title='bbox 312 815 523 904; x_wconf 85' lang='grc' dir='ltr'><strong><em>ἀειγενεσίας.</em></strong></span> <span class='ocrx_word' id='word_1_47' title='bbox 569 813 643 885; x_wconf 89' lang='grc' dir='ltr'><strong><em>ἀλλ’</em></strong></span> <span class='ocrx_word' id='word_1_48' title='bbox 674 807 773 896; x_wconf 80' lang='grc' dir='ltr'><strong><em>οὗτος</em></strong></span> <span class='ocrx_word' id='word_1_49' title='bbox 804 816 865 903; x_wconf 79' lang='grc' dir='ltr'><strong><em>μὲν</em></strong></span> <span class='ocrx_word' id='word_1_50' title='bbox 897 812 915 884; x_wconf 89' lang='grc' dir='ltr'><strong><em>ό</em></strong></span> <span class='ocrx_word' id='word_1_51' title='bbox 943 816 1043 904; x_wconf 93' lang='grc' dir='ltr'><strong><em>λόγος</em></strong></span> <span class='ocrx_word' id='word_1_52' title='bbox 1070 819 1140 886; x_wconf 79' lang='grc' dir='ltr'><strong><em>ἐστὶ</em></strong></span> 
     </span>
     <span class='ocr_line' id='line_1_8' title="bbox 126 931 975 1012; baseline 0 -19"><span class='ocrx_word' id='word_1_53' title='bbox 126 931 255 1012; x_wconf 83' lang='grc' dir='ltr'><strong><em>μείζων.</em></strong></span> <span class='ocrx_word' id='word_1_54' title='bbox 972 981 975 985; x_wconf 82' lang='lat'><strong>.</strong></span> 
     </span>
    </p>

    <p class='ocr_par' dir='ltr' id='par_1_4' title="bbox 126 1026 1178 1656">
     <span class='ocr_line' id='line_1_9' title="bbox 198 1026 1140 1119; baseline 0.001 -21"><span class='ocrx_word' id='word_1_55' title='bbox 198 1029 271 1098; x_wconf 85' lang='grc' dir='ltr'><strong><em>Ὅτι</em></strong></span> <span class='ocrx_word' id='word_1_56' title='bbox 299 1031 336 1100; x_wconf 73' lang='grc' dir='ltr'><strong><em>δὲ</em></strong></span> <span class='ocrx_word' id='word_1_57' title='bbox 363 1036 422 1117; x_wconf 93' lang='grc' dir='ltr'><strong><em>μία</em></strong></span> <span class='ocrx_word' id='word_1_58' title='bbox 449 1032 486 1098; x_wconf 90' lang='grc' dir='ltr'><strong><em>τέ</em></strong></span> <span class='ocrx_word' id='word_1_59' title='bbox 511 1032 601 1098; x_wconf 82' lang='grc' dir='ltr'><strong><em>ἐστιν</em></strong></span> <span class='ocrx_word' id='word_1_60' title='bbox 628 1026 771 1118; x_wconf 79' lang='grc' dir='ltr'><strong><em>ἀλήθεια</em></strong></span> <span class='ocrx_word' id='word_1_61' title='bbox 789 1029 845 1097; x_wconf 84' lang='grc' dir='ltr'><strong><em>καὶ</em></strong></span> <span class='ocrx_word' id='word_1_62' title='bbox 873 1036 1061 1117; x_wconf 80' lang='grc' dir='ltr'><strong><em>φιλοσοφία</em></strong></span> <span class='ocrx_word' id='word_1_63' title='bbox 1081 1036 1140 1119; x_wconf 91' lang='grc' dir='ltr'><strong><em>μία</em></strong></span> 
     </span>
     <span class='ocr_line' id='line_1_10' title="bbox 126 1125 1140 1227; baseline 0.001 -21"><span class='ocrx_word' id='word_1_64' title='bbox 126 1139 181 1206; x_wconf 82' lang='grc' dir='ltr'><strong><em>καὶ</em></strong></span> <span class='ocrx_word' id='word_1_65' title='bbox 208 1135 329 1224; x_wconf 82' lang='grc' dir='ltr'><strong><em>ταύτης</em></strong></span> <span class='ocrx_word' id='word_1_66' title='bbox 356 1138 442 1204; x_wconf 81' lang='grc' dir='ltr'><strong><em>εἰσὶν</em></strong></span> <span class='ocrx_word' id='word_1_67' title='bbox 473 1137 608 1224; x_wconf 75' lang='grc' dir='ltr'><strong><em>ἐρασταὶ</em></strong></span> <span class='ocrx_word' id='word_1_68' title='bbox 635 1135 820 1222; x_wconf 83' lang='grc' dir='ltr'><strong><em>ξύμπαντες</em></strong></span> <span class='ocrx_word' id='word_1_69' title='bbox 852 1125 900 1204; x_wconf 70' lang='grc' dir='ltr'><strong><em>τόν</em></strong></span> <span class='ocrx_word' id='word_1_70' title='bbox 931 1162 967 1203; x_wconf 86' lang='grc' dir='ltr'><strong><em>τε</em></strong></span> <span class='ocrx_word' id='word_1_71' title='bbox 993 1131 1140 1227; x_wconf 81' lang='grc' dir='ltr'><strong><em>ύπεμνή·</em></strong></span> 
     </span>
     <span class='ocr_line' id='line_1_11' title="bbox 127 1232 1178 1334; baseline 0.001 -23"><span class='ocrx_word' id='word_1_72' title='bbox 127 1253 217 1330; x_wconf 91' lang='grc' dir='ltr'><strong><em>σθην</em></strong></span> <span class='ocrx_word' id='word_1_73' title='bbox 249 1245 354 1334; x_wconf 73' lang='grc' dir='ltr'><strong><em>μικρῷ</em></strong></span> <span class='ocrx_word' id='word_1_74' title='bbox 386 1242 550 1332; x_wconf 87' lang='grc' dir='ltr'><strong><em>πρότερον</em></strong></span> <span class='ocrx_word' id='word_1_75' title='bbox 586 1232 635 1310; x_wconf 77' lang='grc' dir='ltr'><strong><em>τόν</em></strong></span> <span class='ocrx_word' id='word_1_76' title='bbox 666 1268 701 1310; x_wconf 91' lang='grc' dir='ltr'><strong><em>τε</em></strong></span> <span class='ocrx_word' id='word_1_77' title='bbox 732 1243 770 1310; x_wconf 79' lang='grc' dir='ltr'><strong><em>ἐν</em></strong></span> <span class='ocrx_word' id='word_1_78' title='bbox 807 1245 883 1330; x_wconf 81' lang='grc' dir='ltr'><strong><em>δίκη</em></strong></span> <span class='ocrx_word' id='word_1_79' title='bbox 915 1244 982 1310; x_wconf 80' lang='grc' dir='ltr'><strong><em>νῦν</em></strong></span> <span class='ocrx_word' id='word_1_80' title='bbox 1013 1251 1140 1331; x_wconf 82' lang='grc' dir='ltr'><strong><em>ελποιμι</em></strong></span> <span class='ocrx_word' id='word_1_81' title='bbox 1156 1272 1178 1312; x_wconf 84' lang='grc' dir='ltr'><strong><em>ιο</em></strong></span> 
     </span>
     <span class='ocr_line' id='line_1_12' title="bbox 127 1342 1144 1437; baseline 0.001 -21"><span class='ocrx_word' id='word_1_82' title='bbox 127 1344 169 1417; x_wconf 85' lang='grc' dir='ltr'><strong><em>ἀν</em></strong></span> <span class='ocrx_word' id='word_1_83' title='bbox 199 1347 364 1435; x_wconf 76' lang='grc' dir='ltr'><strong><em>τοῦνομα,</em></strong></span> <span class='ocrx_word' id='word_1_84' title='bbox 396 1346 475 1428; x_wconf 83' lang='grc' dir='ltr'><strong><em>τοὺς</em></strong></span> <span class='ocrx_word' id='word_1_85' title='bbox 505 1351 567 1416; x_wconf 81' lang='grc' dir='ltr'><strong><em>τού</em></strong></span> <span class='ocrx_word' id='word_1_86' title='bbox 597 1349 737 1428; x_wconf 80' lang='grc' dir='ltr'><strong><em>Κιτιέως</em></strong></span> <span class='ocrx_word' id='word_1_87' title='bbox 774 1342 930 1435; x_wconf 84' lang='grc' dir='ltr'><strong><em>ὁμιλητάς</em></strong></span> <span class='ocrx_word' id='word_1_88' title='bbox 965 1349 1067 1437; x_wconf 87' lang='grc' dir='ltr'><strong><em>λέγω,</em></strong></span> <span class='ocrx_word' id='word_1_89' title='bbox 1107 1355 1144 1420; x_wconf 82' lang='grc' dir='ltr'><strong><em>οἳ</em></strong></span> 
     </span>
     <span class='ocr_line' id='line_1_13' title="bbox 126 1450 1140 1546; baseline 0.003 -24"><span class='ocrx_word' id='word_1_90' title='bbox 126 1454 185 1536; x_wconf 83' lang='grc' dir='ltr'><strong><em>τὰς</em></strong></span> <span class='ocrx_word' id='word_1_91' title='bbox 211 1455 322 1535; x_wconf 84' lang='grc' dir='ltr'><strong><em>πόλεις</em></strong></span> <span class='ocrx_word' id='word_1_92' title='bbox 355 1455 483 1535; x_wconf 83' lang='grc' dir='ltr'><strong><em>ἰδόντες</em></strong></span> <span class='ocrx_word' id='word_1_93' title='bbox 509 1450 822 1543; x_wconf 83' lang='grc' dir='ltr'><strong><em>άποδιδρασνούσας</em></strong></span> <span class='ocrx_word' id='word_1_94' title='bbox 853 1451 890 1523; x_wconf 88' lang='grc' dir='ltr'><strong><em>τὸ</em></strong></span> <span class='ocrx_word' id='word_1_95' title='bbox 919 1460 996 1523; x_wconf 93' lang='grc' dir='ltr'><strong><em>λίαν</em></strong></span> <span class='ocrx_word' id='word_1_96' title='bbox 1023 1451 1140 1546; x_wconf 55' lang='grc' dir='ltr'><strong><em>ἀφαι-</em></strong></span> 
     </span>
     <span class='ocr_line' id='line_1_14' title="bbox 126 1557 1140 1656; baseline 0.002 -27"><span class='ocrx_word' id='word_1_97' title='bbox 126 1561 209 1648; x_wconf 75' lang='grc' dir='ltr'><strong><em>φνὲς</em></strong></span> <span class='ocrx_word' id='word_1_98' title='bbox 239 1563 295 1630; x_wconf 82' lang='grc' dir='ltr'><strong><em>ναὶ</em></strong></span> <span class='ocrx_word' id='word_1_99' title='bbox 327 1557 480 1648; x_wconf 86' lang='grc' dir='ltr'><strong><em>καθαρὸν</em></strong></span> <span class='ocrx_word' id='word_1_100' title='bbox 511 1563 569 1648; x_wconf 84' lang='grc' dir='ltr'><strong><em>της</em></strong></span> <span class='ocrx_word' id='word_1_101' title='bbox 601 1563 794 1648; x_wconf 76' lang='grc' dir='ltr'><strong><em>ἐλευθερίας</em></strong></span> <span class='ocrx_word' id='word_1_102' title='bbox 821 1562 882 1629; x_wconf 84' lang='grc' dir='ltr'><strong><em>τού</em></strong></span> <span class='ocrx_word' id='word_1_103' title='bbox 914 1559 1017 1642; x_wconf 86' lang='grc' dir='ltr'><strong><em>κυνὸς</em></strong></span> <span class='ocrx_word' id='word_1_104' title='bbox 1047 1563 1140 1656; x_wconf 81' lang='grc' dir='ltr'><strong><em>έσιιέ-</em></strong></span> 
     </span>
    </p>

    <p class='ocr_par' dir='ltr' id='par_1_5' title="bbox 84 1664 1183 2501">
     <span class='ocr_line' id='line_1_15' title="bbox 84 1664 1140 1758; baseline 0.002 -21"><span class='ocrx_word' id='word_1_105' title='bbox 84 1683 239 1738; x_wconf 81' lang='grc' dir='ltr'><strong><em>Βπασαν</em></strong></span> <span class='ocrx_word' id='word_1_106' title='bbox 271 1665 376 1736; x_wconf 82' lang='grc' dir='ltr'><strong><em>αὐτὸν</em></strong></span> <span class='ocrx_word' id='word_1_107' title='bbox 408 1664 518 1758; x_wconf 77' lang='grc' dir='ltr'><strong><em>ὥσπερ</em></strong></span> <span class='ocrx_word' id='word_1_108' title='bbox 551 1665 643 1754; x_wconf 83' lang='grc' dir='ltr'><strong><em>οἶμαι</em></strong></span> <span class='ocrx_word' id='word_1_109' title='bbox 678 1667 975 1756; x_wconf 78' lang='grc' dir='ltr'><strong><em>παραπετάσμασιν</em></strong></span> <span class='ocrx_word' id='word_1_110' title='bbox 1006 1673 1140 1739; x_wconf 80' lang='grc' dir='ltr'><strong><em>οἰκονο-</em></strong></span> 
     </span>
     <span class='ocr_line' id='line_1_16' title="bbox 127 1771 1180 1864; baseline 0.003 -21"><span class='ocrx_word' id='word_1_111' title='bbox 127 1780 186 1864; x_wconf 79' lang='grc' dir='ltr'><strong><em>μίᾳ</em></strong></span> <span class='ocrx_word' id='word_1_112' title='bbox 213 1776 269 1843; x_wconf 81' lang='grc' dir='ltr'><strong><em>καὶ</em></strong></span> <span class='ocrx_word' id='word_1_113' title='bbox 296 1777 335 1863; x_wconf 73' lang='grc' dir='ltr'><strong><em>τῇ</em></strong></span> <span class='ocrx_word' id='word_1_114' title='bbox 362 1776 598 1864; x_wconf 74' lang='grc' dir='ltr'><strong><em>χρηματιστικῇ</em></strong></span> <span class='ocrx_word' id='word_1_115' title='bbox 631 1776 685 1842; x_wconf 83' lang='grc' dir='ltr'><strong><em>καὶ</em></strong></span> <span class='ocrx_word' id='word_1_116' title='bbox 716 1775 757 1862; x_wconf 77' lang='grc' dir='ltr'><strong><em>τῇ</em></strong></span> <span class='ocrx_word' id='word_1_117' title='bbox 789 1771 872 1861; x_wconf 90' lang='grc' dir='ltr'><strong><em>πρὸς</em></strong></span> <span class='ocrx_word' id='word_1_118' title='bbox 902 1771 966 1861; x_wconf 82' lang='grc' dir='ltr'><strong><em>τὴν</em></strong></span> <span class='ocrx_word' id='word_1_119' title='bbox 993 1789 1141 1860; x_wconf 78' lang='grc' dir='ltr'><strong><em>γυναῖκα</em></strong></span> <span class='ocrx_word' id='word_1_120' title='bbox 1156 1804 1180 1847; x_wconf 82' lang='grc' dir='ltr'><strong><em>ιο</em></strong></span> 
     </span>
     <span class='ocr_line' id='line_1_17' title="bbox 128 1876 1142 1972; baseline 0.003 -24"><span class='ocrx_word' id='word_1_121' title='bbox 128 1879 263 1972; x_wconf 78' lang='grc' dir='ltr'><strong><em>συνόδῳ</em></strong></span> <span class='ocrx_word' id='word_1_122' title='bbox 301 1881 357 1949; x_wconf 76' lang='grc' dir='ltr'><strong><em>ναὶ</em></strong></span> <span class='ocrx_word' id='word_1_123' title='bbox 394 1885 635 1970; x_wconf 73' lang='grc' dir='ltr'><strong><em>παιδοτροφίᾳ,</em></strong></span> <span class='ocrx_word' id='word_1_124' title='bbox 676 1876 721 1949; x_wconf 80' lang='grc' dir='ltr'><strong><em>ἵν’</em></strong></span> <span class='ocrx_word' id='word_1_125' title='bbox 761 1878 853 1967; x_wconf 80' lang='grc' dir='ltr'><strong><em>οἶμαι</em></strong></span> <span class='ocrx_word' id='word_1_126' title='bbox 894 1895 967 1961; x_wconf 82' lang='grc' dir='ltr'><strong><em>ταῖς</em></strong></span> <span class='ocrx_word' id='word_1_127' title='bbox 1000 1880 1142 1951; x_wconf 87' lang='grc' dir='ltr'><strong><em>πόλεσιν</em></strong></span> 
     </span>
     <span class='ocr_line' id='line_1_18' title="bbox 127 1983 1142 2075; baseline 0.003 -20"><span class='ocrx_word' id='word_1_128' title='bbox 127 1983 403 2074; x_wconf 81' lang='grc' dir='ltr'><strong><em>αύτδνέγγύθεν</em></strong></span> <span class='ocrx_word' id='word_1_129' title='bbox 431 1983 631 2075; x_wconf 77' lang='grc' dir='ltr'><strong><em>ἐπιστήσωσι</em></strong></span> <span class='ocrx_word' id='word_1_130' title='bbox 658 1987 805 2074; x_wconf 88' lang='grc' dir='ltr'><strong><em>φύλακα·</em></strong></span> <span class='ocrx_word' id='word_1_131' title='bbox 833 1983 884 2054; x_wconf 86' lang='grc' dir='ltr'><strong><em>ότι</em></strong></span> <span class='ocrx_word' id='word_1_132' title='bbox 907 1985 945 2054; x_wconf 78' lang='grc' dir='ltr'><strong><em>δὲ</em></strong></span> <span class='ocrx_word' id='word_1_133' title='bbox 962 1985 1001 2056; x_wconf 84' lang='grc' dir='ltr'><strong><em>τὸ</em></strong></span> <span class='ocrx_word' id='word_1_134' title='bbox 1022 1990 1142 2058; x_wconf 74' lang='grc' dir='ltr'><strong><em>Γνῶθι</em></strong></span> 
     </span>
     <span class='ocr_line' id='line_1_19' title="bbox 127 2088 1142 2181; baseline 0.002 -20"><span class='ocrx_word' id='word_1_135' title='bbox 127 2092 253 2162; x_wconf 88' lang='grc' dir='ltr'><strong><em>σαυτὸν</em></strong></span> <span class='ocrx_word' id='word_1_136' title='bbox 279 2093 463 2181; x_wconf 89' lang='grc' dir='ltr'><strong><em>κεφάλαιον</em></strong></span> <span class='ocrx_word' id='word_1_137' title='bbox 489 2099 639 2162; x_wconf 76' lang='grc' dir='ltr'><strong><em>τίθενται</em></strong></span> <span class='ocrx_word' id='word_1_138' title='bbox 658 2098 871 2180; x_wconf 91' lang='grc' dir='ltr'><strong><em>φιλοσοφίας,</em></strong></span> <span class='ocrx_word' id='word_1_139' title='bbox 900 2088 942 2161; x_wconf 87' lang='grc' dir='ltr'><strong><em>ού</em></strong></span> <span class='ocrx_word' id='word_1_140' title='bbox 970 2092 1079 2181; x_wconf 89' lang='grc' dir='ltr'><strong><em>μόνον</em></strong></span> <span class='ocrx_word' id='word_1_141' title='bbox 1106 2097 1142 2176; x_wconf 80' lang='grc' dir='ltr'><strong><em>ἐξ</em></strong></span> 
     </span>
     <span class='ocr_line' id='line_1_20' title="bbox 128 2191 1143 2290; baseline 0.004 -23"><span class='ocrx_word' id='word_1_142' title='bbox 128 2191 176 2267; x_wconf 70' lang='grc' dir='ltr'><strong><em>οἷν</em></strong></span> <span class='ocrx_word' id='word_1_143' title='bbox 202 2200 442 2288; x_wconf 83' lang='grc' dir='ltr'><strong><em>αατεβάλλοντο</em></strong></span> <span class='ocrx_word' id='word_1_144' title='bbox 471 2200 735 2288; x_wconf 78' lang='grc' dir='ltr'><strong><em>ξυγγραμμάτων</em></strong></span> <span class='ocrx_word' id='word_1_145' title='bbox 767 2194 850 2290; x_wconf 76' lang='grc' dir='ltr'><strong><em>ὑπὲρ</em></strong></span> <span class='ocrx_word' id='word_1_146' title='bbox 883 2195 989 2268; x_wconf 83' lang='grc' dir='ltr'><strong><em>αὐτοῦ</em></strong></span> <span class='ocrx_word' id='word_1_147' title='bbox 1014 2198 1143 2271; x_wconf 88' lang='grc' dir='ltr'><strong><em>τούτου</em></strong></span> 
     </span>
     <span class='ocr_line' id='line_1_21' title="bbox 126 2302 1183 2395; baseline 0.004 -21"><span class='ocrx_word' id='word_1_148' title='bbox 126 2312 298 2394; x_wconf 79' lang='grc' dir='ltr'><strong><em>πεισθείης</em></strong></span> <span class='ocrx_word' id='word_1_149' title='bbox 324 2304 383 2393; x_wconf 84' lang='grc' dir='ltr'><strong><em>ἀν,</em></strong></span> <span class='ocrx_word' id='word_1_150' title='bbox 415 2315 506 2395; x_wconf 78' lang='grc' dir='ltr'><strong><em>εἴπερ</em></strong></span> <span class='ocrx_word' id='word_1_151' title='bbox 535 2308 678 2391; x_wconf 82' lang='grc' dir='ltr'><strong><em>ἐθέλοις,</em></strong></span> <span class='ocrx_word' id='word_1_152' title='bbox 710 2302 793 2374; x_wconf 85' lang='grc' dir='ltr'><strong><em>ἀλλά</em></strong></span> <span class='ocrx_word' id='word_1_153' title='bbox 824 2302 911 2374; x_wconf 80' lang='grc' dir='ltr'><strong><em>πολὺ</em></strong></span> <span class='ocrx_word' id='word_1_154' title='bbox 942 2307 1045 2375; x_wconf 83' lang='grc' dir='ltr'><strong><em>πλέον</em></strong></span> <span class='ocrx_word' id='word_1_155' title='bbox 1073 2304 1143 2377; x_wconf 88' lang='grc' dir='ltr'><strong><em>ἀπό</em></strong></span> <span class='ocrx_word' id='word_1_156' title='bbox 1158 2337 1183 2378; x_wconf 81' lang='grc' dir='ltr'><strong><em>ιο</em></strong></span> 
     </span>
     <span class='ocr_line' id='line_1_22' title="bbox 127 2407 1144 2501; baseline 0.003 -21"><span class='ocrx_word' id='word_1_157' title='bbox 127 2416 189 2481; x_wconf 84' lang='grc' dir='ltr'><strong><em>τού</em></strong></span> <span class='ocrx_word' id='word_1_158' title='bbox 219 2415 278 2501; x_wconf 81' lang='grc' dir='ltr'><strong><em>της</em></strong></span> <span class='ocrx_word' id='word_1_159' title='bbox 306 2418 509 2500; x_wconf 88' lang='grc' dir='ltr'><strong><em>φιλοσοφίας</em></strong></span> <span class='ocrx_word' id='word_1_160' title='bbox 540 2414 667 2494; x_wconf 79' lang='grc' dir='ltr'><strong><em>τέλους·</em></strong></span> <span class='ocrx_word' id='word_1_161' title='bbox 699 2407 737 2480; x_wconf 86' lang='grc' dir='ltr'><strong><em>τό</em></strong></span> <span class='ocrx_word' id='word_1_162' title='bbox 765 2410 829 2500; x_wconf 85' lang='grc' dir='ltr'><strong><em>γὰρ</em></strong></span> <span class='ocrx_word' id='word_1_163' title='bbox 862 2407 1144 2500; x_wconf 84' lang='grc' dir='ltr'><strong><em>ὁμολογουμένως</em></strong></span> 
     </span>
    </p>

    <p class='ocr_par' dir='ltr' id='par_1_6' title="bbox 76 2509 1182 3247">
     <span class='ocr_line' id='line_1_23' title="bbox 76 2509 1144 2608; baseline 0.003 -20"><span class='ocrx_word' id='word_1_164' title='bbox 76 2521 192 2605; x_wconf 80' lang='grc' dir='ltr'><strong><em>ιεοζῆν</em></strong></span> <span class='ocrx_word' id='word_1_165' title='bbox 218 2522 258 2607; x_wconf 79' lang='grc' dir='ltr'><strong><em>τῇ</em></strong></span> <span class='ocrx_word' id='word_1_166' title='bbox 286 2519 387 2606; x_wconf 88' lang='grc' dir='ltr'><strong><em>φύσει</em></strong></span> <span class='ocrx_word' id='word_1_167' title='bbox 418 2520 511 2600; x_wconf 83' lang='grc' dir='ltr'><strong><em>τέλος</em></strong></span> <span class='ocrx_word' id='word_1_168' title='bbox 537 2517 752 2606; x_wconf 81' lang='grc' dir='ltr'><strong><em>ἐποιήσαντο,</em></strong></span> <span class='ocrx_word' id='word_1_169' title='bbox 781 2509 884 2608; x_wconf 83' lang='grc' dir='ltr'><strong><em>οὗπερ</em></strong></span> <span class='ocrx_word' id='word_1_170' title='bbox 913 2515 974 2607; x_wconf 81' lang='grc' dir='ltr'><strong><em>οὐχ</em></strong></span> <span class='ocrx_word' id='word_1_171' title='bbox 1002 2512 1079 2588; x_wconf 83' lang='grc' dir='ltr'><strong><em>οἷόν</em></strong></span> <span class='ocrx_word' id='word_1_172' title='bbox 1106 2547 1144 2591; x_wconf 86' lang='grc' dir='ltr'><strong><em>τε</em></strong></span> 
     </span>
     <span class='ocr_line' id='line_1_24' title="bbox 126 2619 1142 2712; baseline 0.005 -19"><span class='ocrx_word' id='word_1_173' title='bbox 126 2640 239 2711; x_wconf 80' lang='grc' dir='ltr'><strong><em>τυχεῖν</em></strong></span> <span class='ocrx_word' id='word_1_174' title='bbox 270 2623 331 2693; x_wconf 85' lang='grc' dir='ltr'><strong><em>τόν</em></strong></span> <span class='ocrx_word' id='word_1_175' title='bbox 363 2620 567 2711; x_wconf 81' lang='grc' dir='ltr'><strong><em>ἀγνοοῦντα,</em></strong></span> <span class='ocrx_word' id='word_1_176' title='bbox 604 2631 655 2706; x_wconf 91' lang='grc' dir='ltr'><strong><em>τίς</em></strong></span> <span class='ocrx_word' id='word_1_177' title='bbox 686 2626 742 2693; x_wconf 80' lang='grc' dir='ltr'><strong><em>καὶ</em></strong></span> <span class='ocrx_word' id='word_1_178' title='bbox 774 2619 889 2706; x_wconf 79' lang='grc' dir='ltr'><strong><em>ὁποῖος</em></strong></span> <span class='ocrx_word' id='word_1_179' title='bbox 920 2626 1084 2712; x_wconf 79' lang='grc' dir='ltr'><strong><em>πέφυκεν·</em></strong></span> <span class='ocrx_word' id='word_1_180' title='bbox 1122 2624 1142 2698; x_wconf 87' lang='grc' dir='ltr'><strong><em>ό</em></strong></span> 
     </span>
     <span class='ocr_line' id='line_1_25' title="bbox 128 2725 1143 2820; baseline 0.005 -22"><span class='ocrx_word' id='word_1_181' title='bbox 128 2725 192 2820; x_wconf 84' lang='grc' dir='ltr'><strong><em>γάρ</em></strong></span> <span class='ocrx_word' id='word_1_182' title='bbox 221 2727 365 2817; x_wconf 75' lang='grc' dir='ltr'><strong><em>ἀγνοῶν,</em></strong></span> <span class='ocrx_word' id='word_1_183' title='bbox 394 2727 485 2811; x_wconf 82' lang='grc' dir='ltr'><strong><em>ὅστις</em></strong></span> <span class='ocrx_word' id='word_1_184' title='bbox 512 2733 613 2818; x_wconf 80' lang='grc' dir='ltr'><strong><em>ἐστίν,</em></strong></span> <span class='ocrx_word' id='word_1_185' title='bbox 637 2728 700 2800; x_wconf 87' lang='grc' dir='ltr'><strong><em>ούιι</em></strong></span> <span class='ocrx_word' id='word_1_186' title='bbox 718 2740 840 2800; x_wconf 74' lang='grc' dir='ltr'><strong><em>εἴσεται</em></strong></span> <span class='ocrx_word' id='word_1_187' title='bbox 858 2729 1043 2818; x_wconf 80' lang='grc' dir='ltr'><strong><em>δήπουθεν,</em></strong></span> <span class='ocrx_word' id='word_1_188' title='bbox 1072 2729 1143 2820; x_wconf 80' lang='grc' dir='ltr'><strong><em>ὅ,τι</em></strong></span> 
     </span>
     <span class='ocr_line' id='line_1_26' title="bbox 127 2833 1182 2930; baseline 0.005 -25"><span class='ocrx_word' id='word_1_189' title='bbox 127 2836 284 2926; x_wconf 86' lang='grc' dir='ltr'><strong><em>πράττειν</em></strong></span> <span class='ocrx_word' id='word_1_190' title='bbox 312 2838 419 2930; x_wconf 76' lang='grc' dir='ltr'><strong><em>ἑαυτῷ</em></strong></span> <span class='ocrx_word' id='word_1_191' title='bbox 450 2836 625 2925; x_wconf 81' lang='grc' dir='ltr'><strong><em>προσήκει,</em></strong></span> <span class='ocrx_word' id='word_1_192' title='bbox 654 2833 764 2927; x_wconf 73' lang='grc' dir='ltr'><strong><em>ὥσπερ</em></strong></span> <span class='ocrx_word' id='word_1_193' title='bbox 797 2833 878 2907; x_wconf 71' lang='grc' dir='ltr'><strong><em>οὐδὲ</em></strong></span> <span class='ocrx_word' id='word_1_194' title='bbox 904 2835 965 2906; x_wconf 87' lang='grc' dir='ltr'><strong><em>τόν</em></strong></span> <span class='ocrx_word' id='word_1_195' title='bbox 998 2842 1182 2930; x_wconf 78' lang='grc' dir='ltr'><strong><em>σίδηρονυ</em></strong></span> 
     </span>
     <span class='ocr_line' id='line_1_27' title="bbox 128 2939 1142 3036; baseline 0.003 -25"><span class='ocrx_word' id='word_1_196' title='bbox 128 2939 262 3029; x_wconf 77' lang='grc' dir='ltr'><strong><em>ἀγνοῶν</em></strong></span> <span class='ocrx_word' id='word_1_197' title='bbox 290 2953 421 3030; x_wconf 72' lang='grc' dir='ltr'><strong><em>εἴσεται,</em></strong></span> <span class='ocrx_word' id='word_1_198' title='bbox 448 2953 513 3013; x_wconf 78' lang='grc' dir='ltr'><strong><em>εἴτε</em></strong></span> <span class='ocrx_word' id='word_1_199' title='bbox 535 2940 626 3036; x_wconf 77' lang='grc' dir='ltr'><strong><em>αύτῷ</em></strong></span> <span class='ocrx_word' id='word_1_200' title='bbox 653 2944 786 3031; x_wconf 84' lang='grc' dir='ltr'><strong><em>τέμνειν</em></strong></span> <span class='ocrx_word' id='word_1_201' title='bbox 804 2953 868 3013; x_wconf 83' lang='grc' dir='ltr'><strong><em>είτε</em></strong></span> <span class='ocrx_word' id='word_1_202' title='bbox 895 2942 939 3031; x_wconf 79' lang='grc' dir='ltr'><strong><em>μη</em></strong></span> <span class='ocrx_word' id='word_1_203' title='bbox 967 2945 1142 3036; x_wconf 76' lang='grc' dir='ltr'><strong><em>προσήκει,</em></strong></span> 
     </span>
     <span class='ocr_line' id='line_1_28' title="bbox 127 3046 1142 3143; baseline 0.006 -24"><span class='ocrx_word' id='word_1_204' title='bbox 127 3051 182 3119; x_wconf 82' lang='grc' dir='ltr'><strong><em>καὶ</em></strong></span> <span class='ocrx_word' id='word_1_205' title='bbox 211 3046 291 3120; x_wconf 85' lang='grc' dir='ltr'><strong><em>ὅτου</em></strong></span> <span class='ocrx_word' id='word_1_206' title='bbox 319 3055 374 3119; x_wconf 80' lang='grc' dir='ltr'><strong><em>δεῖ</em></strong></span> <span class='ocrx_word' id='word_1_207' title='bbox 398 3053 444 3143; x_wconf 79' lang='grc' dir='ltr'><strong><em>τῷ</em></strong></span> <span class='ocrx_word' id='word_1_208' title='bbox 472 3049 599 3143; x_wconf 74' lang='grc' dir='ltr'><strong><em>σιδήρῳ</em></strong></span> <span class='ocrx_word' id='word_1_209' title='bbox 626 3048 712 3141; x_wconf 89' lang='grc' dir='ltr'><strong><em>πρὸς</em></strong></span> <span class='ocrx_word' id='word_1_210' title='bbox 737 3047 775 3119; x_wconf 88' lang='grc' dir='ltr'><strong><em>τὸ</em></strong></span> <span class='ocrx_word' id='word_1_211' title='bbox 804 3050 976 3118; x_wconf 87' lang='grc' dir='ltr'><strong><em>δύνασθαι</em></strong></span> <span class='ocrx_word' id='word_1_212' title='bbox 1002 3047 1040 3121; x_wconf 92' lang='grc' dir='ltr'><strong><em>τὸ</em></strong></span> <span class='ocrx_word' id='word_1_213' title='bbox 1061 3053 1142 3125; x_wconf 72' lang='grc' dir='ltr'><strong><em>ἔαυ-</em></strong></span> 
     </span>
     <span class='ocr_line' id='line_1_29' title="bbox 126 3152 1145 3247; baseline 0.007 -22"><span class='ocrx_word' id='word_1_214' title='bbox 126 3160 188 3225; x_wconf 84' lang='grc' dir='ltr'><strong>τοῦ</strong></span> <span class='ocrx_word' id='word_1_215' title='bbox 223 3156 391 3247; x_wconf 86' lang='grc' dir='ltr'><strong><em>πράττειν·</em></strong></span> <span class='ocrx_word' id='word_1_216' title='bbox 427 3152 499 3226; x_wconf 90' lang='grc' dir='ltr'><strong><em>ἀλλ’</em></strong></span> <span class='ocrx_word' id='word_1_217' title='bbox 538 3153 590 3226; x_wconf 83' lang='grc' dir='ltr'><strong><em>ὅτι</em></strong></span> <span class='ocrx_word' id='word_1_218' title='bbox 626 3157 687 3244; x_wconf 73' lang='grc' dir='ltr'><strong><em>μὲν</em></strong></span> <span class='ocrx_word' id='word_1_219' title='bbox 722 3152 743 3245; x_wconf 76' lang='grc' dir='ltr'><em>ἡ</em></span> <span class='ocrx_word' id='word_1_220' title='bbox 780 3162 967 3244; x_wconf 90' lang='grc' dir='ltr'><strong><em>φιλοσοφία</em></strong></span> <span class='ocrx_word' id='word_1_221' title='bbox 1007 3162 1068 3244; x_wconf 86' lang='grc' dir='ltr'><strong><em>μία</em></strong></span> <span class='ocrx_word' id='word_1_222' title='bbox 1105 3162 1145 3231; x_wconf 78' lang='grc' dir='ltr'><strong><em>τί</em></strong></span> 
     </span>
    </p>
   </div>
   <div class='ocr_carea' id='block_1_3' title="bbox 127 3392 1142 3585">
    <p class='ocr_par' dir='ltr' id='par_1_7' title="bbox 127 3392 1142 3585">
     <span class='ocr_line' id='line_1_30' title="bbox 212 3392 1142 3466; baseline 0.004 -17"><span class='ocrx_word' id='word_1_223' title='bbox 212 3392 365 3466; x_wconf 71' lang='grc' dir='ltr'><strong><em>λέγειΗ]</em></strong></span> <span class='ocrx_word' id='word_1_224' title='bbox 394 3393 454 3466; x_wconf 80' lang='grc' dir='ltr'><strong><em>ἔχοι</em></strong></span> <span class='ocrx_word' id='word_1_225' title='bbox 539 3395 629 3450; x_wconf 74' lang='grc' dir='ltr'><strong><em>ὁκαὶ</em></strong></span> <span class='ocrx_word' id='word_1_226' title='bbox 647 3393 678 3451; x_wconf 82' lang='grc' dir='ltr'><strong><em>οίί</em></strong></span> <span class='ocrx_word' id='word_1_227' title='bbox 697 3395 732 3465; x_wconf 88' lang='grc' dir='ltr'><strong><em>Η]</em></strong></span> <span class='ocrx_word' id='word_1_228' title='bbox 750 3394 801 3450; x_wconf 80' lang='grc' dir='ltr'><strong><em>καὶ</em></strong></span> <span class='ocrx_word' id='word_1_229' title='bbox 818 3414 850 3460; x_wconf 82' lang='lat' dir='ltr'><strong><em>v,</em></strong></span> <span class='ocrx_word' id='word_1_230' title='bbox 874 3393 905 3449; x_wconf 85' lang='grc' dir='ltr'><strong><em>αἳ</em></strong></span> <span class='ocrx_word' id='word_1_231' title='bbox 923 3395 974 3450; x_wconf 72' lang='grc' dir='ltr'><strong><em>κοιλ</em></strong></span> <span class='ocrx_word' id='word_1_232' title='bbox 991 3399 1052 3451; x_wconf 84' lang='lat' dir='ltr'><strong>Pet.</strong></span> <span class='ocrx_word' id='word_1_233' title='bbox 1124 3404 1142 3453; x_wconf 85' lang='grc'><strong>8</strong></span> 
     </span>
     <span class='ocr_line' id='line_1_31' title="bbox 127 3458 1141 3585; baseline 0.004 -67"><span class='ocrx_word' id='word_1_234' title='bbox 127 3458 267 3585; x_wconf 55' lang='grc' dir='ltr'><strong><em>Ξρτὸιμὸἰξ]</em></strong></span> <span class='ocrx_word' id='word_1_235' title='bbox 295 3459 354 3518; x_wconf 80' lang='grc' dir='ltr'><strong><em>ἐστι</em></strong></span> <span class='ocrx_word' id='word_1_236' title='bbox 440 3469 474 3519; x_wconf 72' lang='lat'><strong><em>20</em></strong></span> <span class='ocrx_word' id='word_1_237' title='bbox 499 3462 587 3518; x_wconf 78' lang='grc' dir='ltr'><strong><em>πλέον</em></strong></span> <span class='ocrx_word' id='word_1_238' title='bbox 612 3466 679 3517; x_wconf 81' lang='lat' dir='ltr'><strong>Rsk.</strong></span> <span class='ocrx_word' id='word_1_239' title='bbox 698 3473 727 3517; x_wconf 81' lang='grc' dir='ltr'><strong><em>ετ</em></strong></span> <span class='ocrx_word' id='word_1_240' title='bbox 744 3461 781 3532; x_wconf 85' lang='grc' dir='ltr'><strong><em>Η]</em></strong></span> <span class='ocrx_word' id='word_1_241' title='bbox 801 3459 910 3531; x_wconf 82' lang='grc' dir='ltr'><strong><em>πλέονα</em></strong></span> <span class='ocrx_word' id='word_1_242' title='bbox 995 3469 1029 3519; x_wconf 74' lang='lat'><strong><em>25</em></strong></span> <span class='ocrx_word' id='word_1_243' title='bbox 1056 3460 1141 3537; x_wconf 73' lang='grc' dir='ltr'><strong><em>οόδλ]</em></strong></span> 
     </span>
    </p>
   </div>
   <div class='ocr_carea' id='block_1_4' title="bbox 0 0 1200 3960">
    <p class='ocr_par' dir='ltr' id='par_1_8' title="bbox 0 0 1200 3960">
     <span class='ocr_line' id='line_1_32' title="bbox 0 0 1200 3960; baseline 0 0"><span class='ocrx_word' id='word_1_244' title='bbox 0 0 1200 3960; x_wconf 95' lang='lat' dir='ltr'><strong><em> </em></strong></span> 
     </span>
    </p>
   </div>
  </div>
 </body>
</html>
