2392 3960
214 143 393 198 EPISTOLA
412 100 461 195 ᾸΙ)
481 144 508 195 S.
527 145 558 199 P.
576 145 609 206 Q.
626 142 901 198 ATHENIENSEM.
1012 145 1076 211 369
1118 220 1120 225 ι

62 269 247 340 ἀκούουσιν
275 267 444 358 ἀνεθέμην
471 281 573 351 θεοῖς.
611 270 680 339 εἶτα
698 272 891 359 θυσάμενος
919 273 993 361 περὶ
1017 276 1075 362 τῆς

62 377 181 459 ἐξόδου
226 379 282 446 καὶ
333 370 524 464 γενομένων
570 381 682 446 καλών
727 381 795 446 τών
817 465 820 470 ¹
846 382 946 468 ίερών
995 377 1071 449 κατ’
1123 410 1126 417 ’

61 481 169 571 αὐτήν
200 486 332 571 ἐκείνην
362 481 424 571 τήν
460 479 602 571 ἡμέραν,
640 486 677 553 έν
708 475 730 573 ή
760 499 830 566 τοῖς
862 485 1079 575 στρατιώταις.
1113 520 1117 527 ·

61 591 137 679 περὶ
164 592 222 677 τῆς
250 590 303 658 ἐπὶ
330 589 409 658 τάδε
427 595 562 679 πορείας
581 595 717 677 ἔμελλον
736 591 960 678 διαλέγεσθαι,
989 588 1126 681 ὑπέρκετ

33 722 95 765 ετε
122 698 181 784 τής
208 697 354 783 ἐμαυτοῦ
386 702 550 784 σωτηρίας
576 697 632 764 καὶ
658 694 746 765 πολὺ
772 699 875 766 πλέον
902 693 985 787 ὑπὲρ
1013 701 1071 785 τής

59 804 129 870 τών
155 805 280 870 κοινών
312 798 494 891 εὐπραγίας
524 802 581 870 καλ
608 805 666 890 τής
693 798 850 871 ἀπάντων
882 799 1075 892 ἀνθρώπων
1156 821 1179 883 .'

61 911 253 996 ἐλευθερίας
280 905 386 976 αὐτοῦ
413 935 447 976 τε
474 910 536 976 τοῦ
554 910 689 976 Κελτῶν
718 915 852 994 ἔθνους,
881 905 899 977 δ
928 911 980 990 δίς
1007 907 1073 998 ήδη

59 1029 130 1094 τοῖς
156 1020 325 1101 πολεμίοις
344 1015 512 1100 ἐξέδωκεν,
541 1009 623 1082 οὐδὲ
640 1017 709 1082 τών
727 1017 938 1102 προγονικῶν
956 1015 1071 1102 φεισά-

60 1147 160 1207 μενος
187 1120 319 1207 τάφων,
352 1115 370 1188 ὁ
403 1117 482 1200 τοὺς
514 1116 709 1209 ἀλλοτρίους
741 1120 831 1188 πάνυ
863 1120 1073 1210 θεραπεύων,

20 1256 46 1295 ιο
61 1222 181 1318 ᾠήθην
209 1230 280 1293 δεῖν
309 1231 393 1313 έθνη
421 1251 456 1293 τε
483 1232 687 1314 προσλαβεῖν
704 1221 745 1294 τά
773 1226 989 1295 δυνατώτατα
1017 1228 1073 1296 καὶ
1132 1304 1137 1319 ι

59 1331 237 1420 χρημάτων
264 1332 391 1420 πόρους
419 1331 637 1400 δικαιοτάτων
655 1334 688 1413 ἐξ
708 1329 898 1422 ἀργυρείων
920 1335 976 1401 καὶ
995 1361 1073 1422 χρυ-
1169 1352 1174 1361 ‘

60 1445 172 1524 σείων,
199 1437 254 1505 καί
282 1443 313 1506 εί
339 1437 400 1525 μέν
428 1434 629 1526 ἀγαπήσειεν
648 1443 695 1506 έτι
712 1441 778 1506 νῦν
796 1441 882 1524 γοῦν
909 1436 972 1527 τήν
990 1437 1074 1527 πρὸς

59 1541 146 1632 ήμᾶς
174 1539 349 1631 ὁμόνοιαν,
382 1552 460 1611 είσω
493 1545 561 1611 τών
592 1547 658 1612 νῦν
686 1546 853 1634 ἐχομένων
880 1546 1010 1632 μένειν,
1044 1550 1113 1613 είΒ

60 1650 98 1718 δὲ
125 1658 282 1737 πολεμεῖν
314 1655 483 1719 διανοοῖτο
510 1650 567 1718 καὶ
594 1649 701 1737 μηδὲν
732 1647 797 1719 ἀπὸ
825 1653 884 1738 τής
911 1652 1074 1739 προτέρας

21 1784 46 1825 τι
61 1755 196 1843 γνώμης
214 1755 396 1842 χαλάσειεν,
425 1752 491 1842 ό,τι
510 1751 553 1823 ἀν
572 1746 594 1843 ή
611 1770 681 1835 τοῖς
699 1766 794 1836 θεοῖς
812 1762 914 1843 φίλον
934 1756 1074 1844 πάσχειν
1107 1778 1109 1787 ·
1167 1804 1172 1813 ·

59 1859 80 1950 ή
109 1862 273 1950 πράττειν,
303 1857 347 1942 ώς
366 1871 497 1949 αίσχιον
525 1857 691 1951 ἀνανδρίᾳ
710 1862 818 1949 ψυχῆς
844 1863 900 1930 καὶ
920 1866 1072 1943 διανοίας

60 1964 190 2057 ἀμαθία
231 1964 250 2055 ή
291 1966 412 2056 πλήθει
458 1966 633 2053 δυνάμεως
678 1962 921 2055 ἀσθενέστερον
967 1965 1074 2036 αὐτοῦ

59 2076 218 2161 φανήναι.
268 2075 334 2141 νόν
366 2073 427 2160 μέν
459 2071 523 2161 γὰρ
561 2077 592 2141 εί
626 2075 672 2163 τῷ
709 2070 831 2160 πλήθει
868 2072 1075 2160 κρατήσειεν,
1168 2052 1176 2071 .

60 2177 124 2249 οὐκ
156 2182 286 2248 ἐκείνου
313 2177 350 2247 τὸ
380 2185 494 2267 ἔργον,
527 2175 610 2247 ἀλλά
636 2180 695 2267 τής
725 2184 936 2267 πολυχειρίας
969 2181 1074 2247 ἐστίν·
1137 2237 1139 2241 ⁴

21 2292 92 2355 εοεί
119 2284 157 2352 δέ
184 2287 220 2353 ἐν
252 2299 324 2366 ταῖς
353 2290 508 2364 Γαλλίαις
539 2284 758 2374 περιμένοντά
790 2311 830 2372 με
861 2286 917 2353 καί
950 2281 987 2353 τὸ
1017 2287 1075 2373 ζήν

60 2388 240 2479 ἀγαπώντα
272 2392 327 2459 καλ
360 2394 575 2460 διακλίνοντα
606 2388 666 2459 τὸν
698 2395 861 2459 κίνδυνον
889 2385 1115 2479 ἀπανταχό-0

58 2509 124 2566 θεν
151 2497 331 2587 περικόψας
362 2498 536 2584 κατέλαβε,
567 2497 678 2588 κύκλῳ
706 2496 768 2584 μέν
799 2491 864 2566 ὑπὸ
892 2498 960 2563 τών
992 2503 1073 2590 βαρ-

60 2603 186 2692 βάρων,
214 2601 296 2672 κατὰ
324 2603 429 2689 στόμα
457 2601 494 2672 δὲ
513 2598 578 2671 ὑπὸ
606 2606 674 2670 τών
693 2599 800 2672 αὐτοῦ
828 2605 1073 2693 στρατοπέδων,

59 2710 97 2778 τὸ
123 2701 254 2778 Ιπαθεῖν
288 2736 324 2777 τε
356 2707 448 2796 οἶμαι
479 2707 520 2776 τὰ
557 2715 679 2798 ἔσχατα
714 2711 846 2799 προσῆν
882 2710 938 2778 καὶ
972 2715 1018 2777 ἔτι
1050 2705 1071 2797 ή
1172 2743 1178 2759 =

21 2842 46 2884 τε
59 2814 130 2883 τών
164 2815 369 2904 πραγμάτων
405 2814 546 2904 αίσχόνη
585 2812 743 2903 οὐδεμιᾶς
779 2813 922 2884 έλάττων
960 2821 1074 2915 ζημίας

127 3030 211 3090 4έπί
227 3037 341 3090 ταδεν
374 3036 378 3100 Ι
412 3032 530 3102 ἔμελλον
549 3039 610 3088 Pet.
629 3035 738 3103 spanh]
757 3033 856 3102 λ’μελλε
942 3029 1075 3088 6ἀιιάν-

15 3160 32 3177 ,
58 3102 172 3170 τωνΗ]
193 3097 403 3157 ἁπάντωντῶν
471 3097 580 3157 eoam
599 3106 625 3155 H
644 3110 672 3155 et
691 3102 770 3170 Θου]
795 3095 862 3156 οότε
931 3096 1073 3158 9δΒεΙε.

58 3176 86 3224 H
105 3171 183 3238 θυῖε]
204 3163 235 3232 δς
297 3176 329 3224 10
346 3165 451 3242 φ’ήθην
470 3175 528 3224 Pet.
547 3188 560 3223 ε
581 3171 655 3237 22th
674 3164 760 3239 ᾠήθη
821 3175 857 3231 11Ι
871 3165 1075 3232 δικαιοτάτους

10 3243 18 3265 ·’
58 3241 127 3291 Rsk.
148 3240 153 3305 Ι
172 3235 334 3306 ἀργυρείων
351 3259 376 3296 κ,
395 3239 534 3307 χρυσείων
577 3237 629 3306 ob.]
649 3233 793 3305 ἀργυρίων
811 3255 836 3291 κ.
855 3256 872 3307 χ
890 3239 978 3290 υσίων
1043 3241 1075 3289 15

11 3308 14 3313 '
58 3300 182 3375 πάσχειν
200 3305 271 3374 Pet]
297 3313 457 3375 παρασχεῖν
526 3309 557 3358 16
581 3306 694 3372 αίσχιον
712 3307 739 3356 Η
757 3312 786 3358 et
803 3257 888 3374 (Σολεῖ
912 3299 1031 3372 αἰσχρόν
1048 3322 1075 3368 v,

60 3375 175 3442 αῖοχιον
193 3365 226 3427 όν
244 3376 321 3439 Ηώς,
341 3376 415 3440 quod
433 3376 551 3426 fortasse
570 3375 780 3442 praeferendum
831 3376 863 3425 21
885 3373 1072 3424 διακλίνοντα

59 3444 85 3493 Η
105 3450 133 3493 et
152 3441 231 3507 [λου]
258 3442 449 3494 διακυλίοντα
534 3444 731 3508 24-p.370,1
754 3435 773 3508 ή
796 3439 853 3494 τών
877 3468 910 3477 -
934 3433 1072 3505 σώφροσι]

10 3564 14 3573 ,
59 3512 139 3561 Haec
159 3528 173 3561 ε
191 3511 332 3562 Demosth.
352 3527 390 3561 or.
410 3514 437 3576 1,
457 3513 490 3562 27
509 3510 635 3562 desumta
653 3513 718 3561 sunt
807 3560 808 3564 ,

32 3663 37 3671 Ι
111 3603 216 3643 Iulianus
230 3603 249 3644 L
836 3596 872 3645 24
