2392 3960
107 144 170 210 302
410 147 553 199 mmm
571 145 818 198 ιιιενεεεοιαε

107 275 244 345 τουτουὶ
270 276 332 345 τοῦ
358 275 444 343 θεοῦ
470 274 526 343 καὶ
553 270 636 361 ἐμὸν
663 273 842 362 βλάστημα.
883 275 1016 359 τοῦτον,
1043 276 1121 360 ἔφη,

107 380 167 450 τὸν
199 381 410 472 κληρονόμον
443 384 479 451 οί
507 381 671 468 βέλτιστοι
703 379 764 468 μὲν
797 375 859 450 οὐκ
896 375 1133 467 εὐφραίνουσι

107 491 175 556 τῶν
202 489 386 576 ποιμένων,
414 491 449 557 oc
473 486 610 568 κόλακες
638 485 675 556 δὲ
701 486 758 555 καὶ
785 490 822 556 οί
845 487 1012 576 μοχθηροὶ
1040 486 1121 554 θοῦ-

40 631 42 634 ·
107 602 168 663 λον
194 596 251 663 καὶ
277 590 471 684 ὑποχείριον
497 598 701 682 πεποίηνται.
739 598 917 681 συμβαίνει
936 583 1000 662 οὖν
1029 587 1121 683 αὐτῷ

55 698 202 790 νεοπαρὰ
228 700 290 790 μὲν
316 704 384 769 τῶν
403 702 560 769 ’ἐπιεικῶν
587 697 631 788 μὴ
659 708 843 787 φιλεῖσθαι,
870 697 960 786 παρὰ
987 697 1025 767 δὲ
1052 700 1149 767 τῶνε

107 809 332 895 νομιζομένων
360 813 470 895 φίλων
498 811 545 886 είς
572 805 622 874 τα
641 808 778 894 μέγιστα
805 803 1004 875 ἀδικεῖσθαι.
1042 804 1121 873 σκό-

106 938 159 982 πει
192 905 256 982 οὖν
287 911 377 996 ὅπως
407 910 604 982 ἐπανελθὼν
631 909 676 1001 μὴ
708 909 772 1003 πρὸ
800 914 863 981 τοῦ
890 918 993 1000 φίλου
1019 911 1122 999 θήσει

106 1019 166 1089 τὸν
192 1020 326 1090 κόλακα.
363 1021 524 1108 δευτέραν
551 1016 656 1088 ἄκουέ
671 1045 737 1106 μου
764 1024 973 1108 παραίνεσιν,
1001 1009 1122 1086 ῶπαῑ.

106 1127 279 1209 νυστάζων
311 1117 410 1206 οὗτος
442 1127 640 1206 ἐξαπατᾶται
666 1123 707 1192 τὰ
738 1125 856 1194 πολλοί·
890 1122 933 1193 σι)
966 1123 1005 1194 δὲ
1030 1127 1122 1212 νῆφε

106 1234 161 1300 καὶ
189 1233 360 1322 γρηγόρει,
393 1231 437 1319 μή
465 1251 502 1300 σε
530 1229 587 1300 διὰ
617 1234 676 1319 τῆς
703 1234 766 1300 τοῦ
797 1235 902 1319 φίλου
933 1237 1122 1321 παρρησίας
1136 1261 1163 1300 ιο

107 1335 124 1406 ὁ
157 1338 257 1419 κόλαξ
286 1338 496 1428 Ιἐξαπατήσας
527 1337 632 1426 λάθη,
664 1336 804 1426 χαλκεὺς
836 1332 891 1406 οἷοί
928 1365 978 1419 τις
1008 1339 1145 1426 γέμων,

70 1447 237 1513 Βκατινοῦ
273 1451 332 1513 καί
360 1449 515 1535 μαρίλης,
548 1449 633 1532 ἔχων
671 1443 802 1531 ίμολτιον
839 1441 960 1513 λευκὸν
991 1445 1049 1513 καὶ
1080 1441 1123 1512 τὰ

106 1549 269 1640 πρόσωπα
294 1554 340 1642 τῷ
368 1556 521 1642 ψιμυθίφ
548 1552 776 1639 κεχρισμένος,
808 1549 879 1619 εἶτα
906 1547 996 1643 αὐτῷ
1025 1555 1123 1638 δοίης

106 1658 211 1743 γῆμαί
234 1670 309 1738 τινα
327 1661 395 1725 τῶν
422 1659 493 1725 σῶν
510 1660 717 1747 θυγατέρων.
752 1663 865 1746 τρίτης
892 1656 1037 1726 ἐποίκουέ
1053 1683 1121 1745 μου

105 1765 340 1852 παραινέσεως,
366 1765 423 1832 καὶ
450 1763 537 1850 μάλα
565 1766 709 1852 ἰσχυρῶς
727 1763 874 1850 φύλαττε
901 1763 1039 1849 σαυτόν,
1068 1768 1120 1831 αί-
1134 1790 1159 1832 ιε

106 1872 170 1937 δοῦ
189 1869 227 1938 δὲ
244 1871 300 1938 καὶ
317 1865 404 1958 ἡμᾶς
421 1870 538 1957 μόνον,
566 1867 702 1960 ἀνδρῶν
730 1869 768 1938 δὲ
787 1867 877 1950 ὅστις
903 1865 985 1957 ἡμῖν
1012 1888 1117 1960 προσ-

106 1975 220 2062 όμοιός
252 1979 356 2062 ἐστιν,
389 1973 492 2045 τ’ίλλον
519 1976 557 2044 δὲ
583 1978 718 2063 μηδένα.
769 1971 850 2066 ὁρᾷς
882 1973 971 2057 ὅπως
997 1978 1122 2046 τοῦτον

104 2080 164 2150 τὸν
201 2079 337 2170 ἠλίθιον
369 2089 514 2170 ἔβλαψεν
546 2081 689 2170 αίσχύνη
726 2084 782 2150 καὶ
814 2080 851 2150 τὸ
884 2088 962 2151 λίαν
999 2079 1118 2170 [ἄγαν]

104 2187 191 2256 εἶναι
218 2192 424 2276 καταπληγα;
451 2190 508 2257 καὶ
527 2185 544 2257 ὁ
564 2191 665 2276 μέγας
684 2186 798 2269 Ἥλιος
816 2180 919 2269 αὖθις
936 2184 997 2258 τὸν
1015 2189 1120 2275 λόγον

69 2295 338 2382 Οὸιαδεξάμενος
365 2294 469 2364 εἶπεν·
494 2291 668 2382 Ἐλόμευος
687 2301 807 2382 φίλους
835 2290 880 2374 ῶς
897 2301 1010 2382 φίλοις
1037 2298 1118 2384 χρῶ,
1133 2323 1158 2364 εο

104 2401 187 2488 μηδὲ
206 2398 332 2481 αὐτοὺς
351 2403 479 2481 οἰκέτας
497 2400 580 2489 μηδὲ
598 2401 810 2488 θεράποντας
828 2400 948 2488 νόμιζε,
976 2402 1118 2488 πρόσιθι

104 2507 141 2575 δὲ
159 2505 274 2587 αὐτοῖς
292 2509 476 2596 ἐλευθέρως
494 2534 528 2575 τε
546 2509 602 2587 καὶ
621 2503 833 2576 ἁπλούστατα
860 2508 915 2576 καὶ
942 2513 1118 2595 γενναίως,

103 2611 146 2700 μη
175 2614 281 2698 λέγων
313 2613 374 2699 μὲν
402 2611 498 2699 ἄλλα,
531 2616 671 2702 φρονῶν
699 2613 736 2681 δὲ
769 2616 863 2704 ἕτερα
890 2615 966 2702 περὶ
994 2611 1117 2682 αὐτῶν.

104 2715 183 2810 ὁρᾷς
211 2716 263 2787 ὅτι
280 2720 336 2786 καὶ
355 2722 477 2787 τοῦτον
504 2718 565 2788 τὸν
582 2718 793 2807 κληρονόμον
811 2723 910 2789 τοῦτο
931 2721 1117 2807 ἐπέτριψεν,

104 2822 123 2911 ἡ
151 2824 234 2914 πρὸς
261 2822 340 2906 τοὺς
367 2831 489 2912 φίλους
516 2823 665 2908 ιἰπιστία;
694 2832 784 2912 φίλει
802 2825 881 2907 τοὺς
908 2823 1158 2914 ἄρχομένουςιε

103 2929 213 3020 ῶσπερ
245 2927 338 3018 ἡμεῖς
370 2934 415 3000 σέ.
464 2930 505 2999 τὰ
537 2930 621 3020 πρὸς
652 2927 738 3020 ἡμᾶς
773 2928 922 3020 ἡγείσθω
956 2954 1010 3001 σοι
1047 2935 1118 3002 τῶν

58 3041 213 3105 Ιικαλῶν
245 3032 415 3106 ἁπάντων·
449 3038 547 3126 ἐσμὲν
579 3038 642 3128 γάρ
675 3058 737 3108 σου
770 3041 826 3107 καὶ
858 3036 1027 3130 εὐεργεταὶ
1058 3041 1118 3108 καὶ

170 3245 184 3292 7
207 3234 295 3308 θήσει
312 3240 349 3309 V]
373 3239 417 3295 θ
397 3213 476 3310 ησεις
563 3248 592 3295 11
617 3240 740 3311 χαλκεὺς
758 3240 807 3296 οἷοὶ
825 3242 882 3312 τις]
907 3246 1115 3369 Sgoeetat²
1039 3246 1115 3297 Plat.

102 3311 134 3360 le
154 3311 221 3376 Rep.
241 3311 280 3362 VI
297 3313 382 3361 495ss
452 3315 484 3363 13
502 3312 637 3383 ψιμυθίῳ
655 3310 691 3378 H]
710 3312 894 3380 ψιμμυθίωΙ
938 3311 1013 3380 οίης]
1033 3308 1115 3395 offic?

101 3394 136 3427 an
155 3385 237 3428 antea
257 3373 367 3429 λάθοιλ
385 3379 440 3432 vid.
460 3379 494 3430 ad
513 3381 599 3430 2311)
670 3384 700 3431 17
719 3375 796 3432 ἔστιν
815 3365 928 3446 λ’Ῐέστι
985 3385 1017 3432 18
1036 3373 1117 3448 ἄγαν

99 3446 175 3580 βελὲι
198 3446 277 3564 Οολη,6
297 3447 483 3580 βέλνηῖηηλει.
505 3448 539 3498 ad
563 3448 651 3514 Epist
676 3465 702 3514 p
723 3452 771 3500 297
796 3455 824 3499 et
849 3449 968 3502 Lobeck.
990 3450 1116 3516 Paralip.
