2392 3960
499 164 633 217 οολντο
652 167 688 216 11.
1057 164 1098 230 73

38 312 40 323 '
80 293 133 384 ἐφ’
169 296 311 385 ἑκάτερα
344 309 413 375 τοῖς
445 296 615 363 ἱππεῦσιν·
648 292 826 374 ἐξόπισθεν
859 293 895 361 δὲ
928 298 964 361 οί
994 306 1140 382 σφιν-Ι)

81 406 223 489 βονήται
259 403 316 470 καὶ
348 400 476 482 τοξόται
514 401 570 469 καὶ
602 395 730 468 ὁπόσον
767 401 803 467 ἐκ
839 398 948 489 χειρὸς
984 402 1098 488 βάλλει

79 505 215 596 γυμνόν
252 504 394 588 άσπίθος
435 508 490 575 καὶ
526 506 691 593 θώρακος.
747 503 835 574 οὕτω
872 515 1098 596 κοσμήθείσής

79 618 137 702 τῆς
172 614 362 702 φάλαγγος,
394 612 494 703 μικρὰ
521 615 583 682 τοό
614 614 712 680 λαιοῦ
739 615 843 702 κέρως
870 615 1097 700 προελθόντος

56 718 172 799 ςάπαν
204 718 244 788 τό
271 722 431 807 πολέμιον
463 718 724 807 συνετετάρακτο
757 720 812 786 καὶ
845 716 908 787 οὐκ
936 721 1098 808 ἐφύλαττε

78 827 184 908 τάξιν.
231 829 432 914 ἐγκειμένων
459 824 496 894 δέ
523 829 591 893 τῶν
611 825 738 892 ἱππέων
766 826 820 893 καὶ
845 822 907 893 οὐκ
935 823 1098 894 ιἰνιέντων

81 933 201 1021 φεύγει
235 931 297 1019 μέν
334 936 475 1019 αίσχρως
508 928 526 1000 ὁ
563 930 625 1019 τήν
662 936 834 1016 βασιλείαν
872 940 1003 1020 αίσχιον
1040 928 1098 1021 άρ-

79 1039 201 1124 πάσας,
229 1045 332 1107 λείπει
360 1038 396 1106 δέ
416 1035 522 1107 αὐτοῦ
550 1035 611 1106 τόν
630 1040 797 1127 ἵππαρχον
824 1039 880 1105 καὶ
907 1038 1098 1127 χιλιάρχους

80 1147 137 1214 καί
165 1145 363 1235 ταξιάρχους
389 1145 480 1213 πάνυ
507 1141 653 1224 πολλοὺς
671 1145 727 1212 καὶ
755 1146 949 1233 ἐρρωμένως
977 1142 1098 1231 άγωνι-

44 1289 70 1330 1⁰
84 1254 259 1340 ζομένους,
292 1252 345 1319 ἐπὶ
372 1255 453 1319 πάσι
481 1249 519 1319 δέ
546 1247 607 1338 τήν
635 1247 776 1337 ποιητήν
803 1254 865 1319 τοῦ
891 1251 1099 1340 τερατάόους

81 1359 139 1427 καὶ
166 1360 342 1443 έξαγίστου
361 1358 539 1446 δράματος,
567 1353 604 1436 ὃς
622 1359 752 1445 πρῶτος
779 1357 832 1423 ἐπὶ
850 1360 936 1425 νοῦν
964 1357 1098 1446 ἐβάλετο
1117 1376 1151 1424 58

82 1467 303 1551 μεταποιῆσαι
330 1462 392 1551 τήν
419 1469 594 1551 βασιλείαν
611 1464 666 1530 καὶ
695 1459 880 1549 άφελίσθαι
907 1468 968 1532 τοῦ
996 1468 1100 1554 γέρως

82 1567 177 1658 ἡμᾶς.
214 1571 270 1638 καὶ
297 1570 379 1650 τέως
406 1568 495 1658 (μὲν)
525 1575 634 1658 ἔχαιρε
660 1572 719 1656 τῆς
745 1568 876 1657 πρώτης
903 1576 1019 1658 πείρας
1037 1567 1100 1639 οὐκ

83 1674 291 1763 ἀποσφαλείς
319 1672 400 1745 οὐδὲ
427 1671 632 1764 ἁμαρτήσας,
655 1674 728 1743 τότε
756 1674 794 1743 δέ
822 1676 1010 1763 ἐφεστάσας
1038 1676 1100 1758 ξὺν

44 1787 162 1871 πβίκή
189 1780 310 1863 ποινάς
342 1779 524 1851 άπαιτείται
556 1785 625 1849 τῶν
657 1787 765 1871 ἔργων
797 1784 853 1850 καί
882 1780 1024 1853 άπιστον
1051 1811 1098 1851 τι-

82 1895 216 1979 μωρίαν
247 1887 482 1978 εἰσπράττεται.
531 1887 667 1956 πάντων
700 1884 763 1978 γάρ
797 1884 914 1957 ὁπόσοι
945 1893 1007 1958 τοῦ
1039 1916 1099 1959 πο-

82 1998 187 2083 λέμου
228 1998 274 2087 τῷ
315 1995 470 2086 τυράννῳ
508 1992 748 2081 συνεφήψαντο
790 1992 941 2083 ἐμφανής
981 1995 1042 2082 μέν
1080 1992 1098 2064 ὁ

82 2102 248 2188 θάνατος,
285 2101 369 2190 δήλη
403 2098 434 2170 θ’
469 2097 489 2189 ή
524 2098 616 2188 φυγή
652 2101 708 2168 καὶ
746 2097 856 2167 άλλων
892 2103 1098 2188 μεταμέλεια·

85 2209 237 2278 ἱκέτευον
264 2205 329 2296 γάρ
347 2215 475 2295 πολλοί,
502 2209 559 2276 καὶ
578 2212 698 2295 ἐτυχον
716 2203 860 2287 άπαντες
887 2207 1098 2296 συγγνώμης,
1116 2228 1139 2281 Β

46 2350 72 2391 ω
84 2317 248 2402 βασιλέως
279 2312 340 2382 τὸν
370 2318 429 2402 τής
462 2315 599 2394 Θέτιδος
630 2309 924 2403 ὑπερβαλλομένου
961 2323 1099 2400 μεγαλο-

84 2420 251 2510 φροσύνῃ.
288 2416 386 2508 ὁμὲν
408 2421 484 2509 γάρ,
512 2418 625 2507 ἐπειδή
644 2417 838 2509 Πάτροκλος
864 2424 991 2505 ἔπεσεν,
1020 2418 1100 2489 οὐδὲ

82 2526 285 2616 πιπράσκειν
317 2522 458 2609 ἁλόντας
485 2532 533 2595 ἔτι
565 2524 645 2606 τοὺς
671 2522 850 2614 πολεμίους
876 2522 988 2614 ήξίον,
1021 2524 1094 2596 ἀλλ’

85 2633 295 2713 ἱκετεύοντας
321 2634 395 2722 περὶ
413 2649 483 2714 τοῖς
506 2632 648 2718 γόνασιν
667 2637 823 2700 ἔκτεινεν·
852 2628 869 2701 ὁ
900 2632 937 2701 δέ
964 2632 1100 2722 ἐκήρυτ-

84 2766 140 2808 τεν
173 2737 291 2808 άδειαν
317 2754 388 2820 τοῖς
419 2740 677 2830 ἐξαρνουμένοις
707 2736 769 2826 τήν
797 2740 1025 2827 ξυνωμοσίαν,
1058 2736 1101 2808 οὐ

51 2882 75 2922 25
86 2847 243 2914 θανάτου
279 2845 386 2932 μόνον
421 2843 442 2934 ή
479 2848 590 2933 φυγής
621 2842 643 2932 ή
679 2871 770 2924 τινος
807 2842 908 2932 άλλης
942 2853 1102 2935 τιμωρίας

86 2948 244 3041 άφαιρῶν
270 2950 331 3020 τὸν
359 2951 481 3040 φόβον,
510 2948 621 3039 ὥσπερ
649 2949 686 3018 δὲ
706 2956 742 3018 ἐκ
759 2978 850 3032 τινος
877 2959 1101 3041 ταλαιπωρίας

156 3140 170 3185 1
196 3132 395 3202 σφενδονῆται
418 3134 490 3202 VM]
516 3134 707 3216 σφενδονίται
776 3139 792 3187 3
816 3124 892 3187 οὕτω
910 3132 985 3203 VM]
1010 3129 1101 3195 οὕτως

85 3204 102 3253 6
118 3197 347 3270 συνετετάρακτο
364 3202 403 3269 Η]
423 3218 637 3267 συντεταρακτο
706 3204 722 3253 6
740 3197 794 3268 τήν
813 3196 922 3266 τάξινλ
987 3206 1017 3254 11
1037 3195 1101 3271 ἐβά-

86 3270 151 3323 λετο
169 3268 209 3338 V]
231 3262 367 3335 ἐβάλλετο
454 3275 485 3322 13
510 3265 566 3336 μὲν
585 3271 648 3320 add.
672 3270 739 3320 Rsk.
827 3272 859 3321 14
887 3263 1050 3336 ἐφεστόσας
1068 3298 1101 3306 -

86 3330 258 3390 άπαιτεῑται
275 3339 308 3391 Β.
319 3336 494 3404 Friederich]
512 3331 637 3404 ἐφιστάς
656 3332 694 3391 άν
705 3365 738 3375 -
751 3334 877 3391 ἀπαιτεῖ.
903 3341 995 3404 Atque
1014 3330 1101 3389 άπαι-

86 3409 181 3458 τεῖτσι
199 3406 306 3471 quidem
330 3406 473 3458 confirmat
489 3407 514 3456 V
540 3405 544 3471 Ι
572 3401 625 3469 ξὺν
643 3409 701 3461 VM
741 3398 796 3458 σόν
863 3408 897 3457 24
921 3404 1101 3471 ξυνωμοσίαν

86 3469 156 3541 VM]
176 3474 359 3538 συνωμοσίαν
415 3476 448 3524 λθ
466 3469 517 3526 τὸν
535 3467 628 3540 φόβον
647 3473 705 3526 VM
736 3466 855 3525 καὶτὸν
874 3466 966 3539 φόβον
986 3472 991 3539 Ι
1011 3462 1100 3536 άφαι-

88 3537 144 3605 ρῶν
162 3536 213 3592 τὸν
232 3533 326 3608 φόβον
343 3538 376 3607 V]
396 3537 447 3595 τὸν
464 3533 559 3609 φόβον
575 3533 713 3610 άφαιρῶν
