2392 3960
128 58 192 123 224
430 58 574 111 ιαοιιαι
597 56 846 109 ιιιεειιανοειε

128 184 352 275 ὑποληπτέον,
386 183 457 256 ἀλλ’
494 181 538 267 ὡς
571 191 620 253 ἔνι
652 184 793 273 μάλιστα
825 184 906 273 μετὰ
935 185 1062 285 εἰκότος
1090 188 1149 256 καὶ

130 291 277 382 ἀληθοῦς
303 294 408 382 λόγου
435 290 524 382 παρόι
551 294 619 359 των
647 294 798 359 παλαιῶν
825 295 870 383 τῷ
898 295 1014 385 θεσμῷ
1041 316 1148 383 προσ-

129 411 319 487 τεθεῖσθαι,
353 414 490 488 σημεῖον
523 398 560 466 δὲ
591 397 730 483 τοῦτον,
768 394 818 466 ότι
850 395 911 466 τὸν
950 399 1149 489 ἰσημερινὸν

130 506 255 576 κύκλον
283 502 303 594 ή
331 504 412 587 θεὸς
440 502 523 592 αῦτη
552 510 775 591 κατενείματο.
815 513 954 573 τελεῖται
978 504 1042 595 γὰρ
1070 509 1149 595 περὶ

131 611 191 681 τὸν
224 610 325 700 ζυγόν
355 622 446 701 Δηοῖ
475 613 530 680 καὶ
558 609 652 700 Κόρη
685 608 725 678 τόι
754 608 857 698 σεμνόι
889 613 945 681 καὶ
973 609 1177 701 ἀπόρρηταε

88 719 304 809 Βμυστήρια.
344 720 400 789 καί
431 721 530 787 τοῦτο
558 716 693 797 εἰκότως
725 722 860 802 γίνεται.
901 716 962 807 χρή
996 716 1060 808 γάρ
1089 721 1149 788 καὶ

131 823 264 896 ἀπιόντι
296 828 342 919 τῷ
374 829 444 916 θεῷ
476 826 674 911 τελεσθῆναι
707 822 823 911 πόλιν,
856 827 912 891 ἵνα
945 824 1051 913 μηθέν
1078 821 1148 895 ῦπὸ

130 935 189 1019 τῆς
226 930 333 1001 ἀθέου
374 933 429 1001 καὶ
467 932 638 1017 σκοτεινής
679 928 836 1019 δυσχερὲς
876 930 1039 1020 πείθωμεν
1077 934 1147 1001 ε’πι-

131 1038 318 1127 κρατούσης
351 1037 532 1124 δυνάμεως.
579 1037 631 1116 δὶς
663 1039 748 1123 γοῦν
777 1032 951 1124 Ἀθηναῖοι
983 1040 1023 1127 τή
1057 1048 1152 1127 Δηοῖ

131 1147 264 1214 τελοῦσι
291 1142 332 1212 τά
351 1143 527 1233 μυστήρια,
556 1145 593 1210 έν
612 1139 702 1235 αὐτῷ
721 1142 782 1228 μὲν
809 1145 855 1235 τῷ
875 1147 956 1237 κριῷ
975 1142 1016 1212 τόι
1035 1144 1147 1234 μικρὰ,
1164 1174 1187 1212 ιι

133 1258 228 1338 φασί,
255 1250 431 1340 μυστήρια,
458 1248 498 1317 τόι
526 1249 651 1337 μεγάλα
679 1248 716 1316 δὲ
734 1250 810 1337 περὶ
833 1248 892 1330 τόις
918 1249 1021 1338 χηλὰς
1048 1249 1148 1333 όντος

131 1352 241 1444 ἡλίου,
270 1355 315 1426 δι’
346 1354 386 1437 ἀς
413 1363 552 1443 ἔναγχος
570 1361 657 1442 ἔφην
685 1361 801 1436 αἰτίας.
842 1357 967 1444 μεγάλα
996 1357 1033 1425 δὲ
1061 1355 1147 1427 ὠνο-

131 1464 261 1551 μάσθαι
289 1465 344 1533 καὶ
372 1460 472 1552 μικρά
499 1468 621 1550 νομίζω
649 1462 705 1529 καὶ
732 1459 842 1529 ἀλλων
870 1465 977 1550 ἕνεκα,
1004 1464 1147 1551 μάλιστα

133 1571 181 1655 δέ,
210 1565 254 1651 ὡς
281 1570 379 1650 εἰκός,
405 1568 529 1638 τοῦτον
557 1565 813 1655 ἀποχωροῦντος
830 1572 892 1637 τοῦ
915 1573 1001 1639 θεοῦ
1019 1574 1147 1658 μᾶλλον

132 1673 216 1766 ήπερ
248 1676 459 1766 προσιόντος·
493 1674 608 1764 διόπερ
641 1677 678 1742 ἰν
710 1674 840 1755 τούτοις
872 1673 956 1744 ὅσον
984 1682 1031 1757 εἰς
1062 1672 1182 1746 ὑπόα

93 1790 256 1871 ὕμνησιν
288 1783 403 1871 μόνον.
449 1778 506 1850 ἀτε
538 1779 581 1870 δή
613 1781 669 1849 καὶ
701 1781 866 1870 παρόντος
897 1785 958 1850 τοῦ
996 1786 1149 1873 σωτῆρος

132 1890 188 1958 καί
216 1886 396 1977 ἀναγωγοῦ
423 1891 523 1975 θεοῦ,
550 1886 591 1956 τὰ
618 1889 791 1978 προτέλεια
818 1888 1060 1975 κατεβόλλοντο
1088 1893 1149 1977 τῆς

132 1999 273 2084 τελετής·
306 1994 377 2065 εἶτα
414 1993 534 2084 μικρὸν
567 1991 709 2081 ὕστερον
742 1989 873 2080 ἁγνεῖαι
909 2010 1060 2083 συνεχεῖς
1091 1999 1148 2065 καί

131 2104 200 2170 των
229 2106 328 2190 ἱεροῦν
356 2099 525 2188 ἀγιστεῖαι.
567 2098 725 2181 ἀπιόντος
758 2099 795 2169 δὲ
826 2099 945 2170 λοιπόν
972 2105 1034 2171 τοῦ
1061 2107 1149 2171 θεοῦ

131 2207 216 2298 πρὸς
242 2208 304 2297 τήν
332 2207 517 2296 ἀντίχθονα
545 2206 667 2296 ζώνην,
699 2208 755 2275 καὶ
787 2210 940 2296 φυλακῆς
967 2211 1064 2278 ἕνεκα
1091 2212 1147 2278 καὶ
1162 2236 1185 2275 ιο

133 2321 298 2404 σωτηρίας
326 2313 407 2384 αῦτό
436 2313 474 2382 τό
493 2314 678 2401 κεφάλαιον
705 2316 898 2383 ἐπιτελεῖται
925 2317 994 2383 των
1021 2335 1147 2405 μυστη-

132 2428 224 2511 ρίων.
271 2419 333 2510 όρα
362 2423 411 2490 δέ·
445 2419 555 2511 όόσπερ
583 2422 732 2489 ἐνταῦθα
758 2418 796 2488 τὸ
825 2423 882 2508 τής
908 2423 1069 2506 γενέσεως
1096 2432 1148 2490 αἰ-

132 2553 205 2595 τιον
238 2525 469 2615 ἀποτέμνεται,
503 2525 589 2596 οῦτω
619 2526 656 2595 δὲ
688 2528 743 2594 καί
774 2524 865 2617 παρὰ
889 2523 1083 2615 Ἀθηναίοις
1116 2533 1152 2598 οἰ

133 2635 201 2701 τῶν
233 2631 387 2724 ἀρρήτων
419 2628 599 2722 ἀπτόμενοι
631 2649 792 2720 παναγεῖς
824 2640 902 2720 εἰσι,
934 2636 990 2703 καὶ
1023 2631 1041 2703 ό
1070 2636 1149 2705 τοῦ·

89 2744 116 2800 D
132 2765 201 2807 των
229 2739 375 2830 ἐξάρχων
404 2739 603 2829 ἱεροφάντης
630 2736 854 2829 ἀπέστραπται
872 2743 984 2809 πᾶσαν
1002 2738 1065 2829 τήν
1093 2744 1147 2829 γέ·
1162 2768 1188 2809 ει

133 2866 238 2933 νεσιν,
267 2843 311 2927 ὡς
339 2844 381 2916 οῦ
408 2845 508 2936 μετὸν
535 2843 625 2938 αὐτῷ
653 2850 711 2935 της
738 2844 788 2916 ἐπ’
819 2845 957 2937 ἀπειρον
983 2849 1148 2938 προόδου,

132 2956 191 3039 τής
222 2947 408 3043 ὡρισμένης
439 2952 476 3022 δὲ
503 2955 559 3022 καὶ
592 2950 643 3022 ἀεί
674 2953 842 3041 μενούσης
874 2956 929 3022 καὶ
957 2957 995 3022 ἰν
1022 2957 1068 3048 τῷ
1097 2957 1149 3025 ἑνὶ

134 3061 357 3148 συνεχομένης
385 3056 503 3142 οὐσίας
530 3056 699 3150 ἀκηράτου
726 3087 762 3129 τε
780 3062 835 3128 καὶ
864 3062 1025 3150 καθαρᾶς.
1062 3056 1149 3152 ὑπὲρ

132 3165 193 3252 μὲν
221 3164 263 3253 δή
291 3166 421 3236 τούτων
448 3163 576 3256 ἀπόχρη
603 3170 758 3236 τοσαῦτα.

218 3375 250 3423 10
272 3364 304 3425 ἰν
322 3366 401 3437 αὐτῷ
426 3371 460 3437 V]
485 3367 572 3442 αότῷ.
600 3373 637 3425 cf.
657 3375 742 3425 lm
828 3374 859 3425 19
883 3368 979 3441 ίερῦν]
1002 3368 1105 3441 ἱερέων
1121 3376 1151 3429 11

132 3442 165 3490 28
182 3431 256 3504 ὑπὲρ
273 3439 310 3506 V]
327 3433 374 3493 ἰπὶ
