2370 3908
120 200 182 264 160
415 199 560 253 mmm
581 197 832 251 IMPERATORIS

117 334 248 418 μυρίων
275 325 394 395 πολιὸν
420 329 547 414 μᾶλλον
579 326 758 414 ἐκτήσαντο
785 323 847 395 τὸν
878 328 964 394 νοῦν
991 327 1049 394 καὶ
1075 324 1136 406 τὰς

78 459 100 512 0
120 437 255 523 φρένας,
283 435 340 501 καὶ
367 430 405 502 τὸ
434 435 561 502 δοκοῦν
579 430 713 520 ἀγαθὸν
741 435 777 501 ἐκ
799 435 861 501 τοῦ
888 432 1000 521 γήρως
1026 428 1135 522 ὑπάρ-

118 568 189 628 χειν
221 554 290 620 τοῖς
322 537 516 628 ἀνθρώποις
548 539 670 628 μόνον,
702 537 764 626 τὴν
792 541 980 627 ἐμπειρίαν,
1004 535 1061 607 ’δι’
1091 535 1135 626 ἣν
1181 560 1183 565 ·

119 643 137 715 ὁ
174 646 360 735 πρεσβύτης
396 652 462 733 έχει
497 672 528 714 τι
564 647 655 726 λέξαι
689 649 758 713 τῶν
798 647 886 715 νέων
927 643 1136 734 σοφώτερον,

119 768 189 833 τοῖς
216 749 257 821 οά
290 752 457 842 ῥᾳθύμοις
484 755 552 819 τῶν
580 753 667 820 νέων
699 756 832 820 ἔδωκεν.
877 758 946 820 ἐστι
975 751 1012 821 δέ
1042 750 1140 840 οἶμαί
1149 774 1162 815 ι

117 885 168 939 τις
196 862 233 927 ἐν
261 855 375 940 αὐτοῖς
406 861 462 927 καὶ
489 864 700 945 παιδαγωγία
731 856 815 948 πρός
846 850 931 946 ήθος
964 874 1138 947 γενναῖον,

118 975 153 1033 εί
181 992 230 1046 τις
262 968 427 1034 ἐπίσταιτο
465 963 543 1046 τοὺς
575 963 732 1054 ἀρίστους
764 963 891 1055 ἀνδρας
922 966 977 1033 καὶ
1010 963 1138 1052 λόγους

119 1073 176 1140 καὶ
203 1072 346 1161 πράξεις,
374 1067 449 1140 οἷον
468 1069 635 1160 ἀρχέτυπα
654 1073 892 1160 προτιθέμενος
920 1072 1139 1162 δημιουργός,

120 1178 273 1245 πλάττειν
305 1175 369 1265 ήδη
402 1175 485 1266 πρὸς
517 1179 621 1245 ταῦτα
653 1176 715 1264 τήν
747 1173 853 1247 αὑτοῦ
891 1177 1048 1248 διάνοιαν
1079 1180 1140 1248 καὶ

120 1280 312 1370 ἀφομοιοῦν
339 1281 422 1372 πρὸς
449 1280 528 1363 τοὺς
555 1283 685 1370 λόγους.
732 1275 780 1352 οἷν
808 1290 839 1353 εί
864 1283 909 1372 μή
937 1284 1140 1373 πάμπληθες
1153 1308 1178 1348 1⁰

74 1415 100 1468 1)
120 1387 353 1477 ἀπολειφθείη,
381 1390 542 1478 τυγχάνοι
570 1389 607 1458 δέ
625 1392 682 1458 καὶ
710 1387 760 1459 ἐπ’
792 1388 908 1477 ὀλίγον
935 1393 993 1478 τῆς
1021 1387 1140 1479 ὁμοιό-

120 1522 227 1583 τητος,
256 1492 298 1564 οὐ
325 1495 447 1584 σμικρὰ
465 1492 508 1565 ἀν
536 1494 662 1584 όναιτο,
691 1488 730 1564 εὖ
749 1506 826 1565 ἐστε.
873 1494 891 1565 δ
919 1495 961 1585 δή
989 1499 1047 1565 καὶ
1075 1496 1140 1567 αό-

120 1600 177 1682 τὸς
208 1602 364 1682 πολλάκις
401 1605 555 1684 ξυννοῶν
586 1603 725 1672 παιδιάν
756 1630 791 1671 τε
819 1600 882 1672 οὐκ
914 1600 1067 1691 ἀμουσον
1100 1608 1140 1675 ἐν

121 1705 236 1788 αὐτοῖς
271 1711 432 1795 ποιοῦμαι
469 1710 525 1777 καὶ
562 1709 824 1797 στρατευόμενος
860 1709 1013 1799 καθάπερ
1048 1718 1140 1781 σιτία

121 1815 237 1903 φέρειν
270 1812 435 1900 ἀναγκαία
466 1816 522 1884 καὶ
554 1818 659 1883 ταῦτα
691 1817 809 1884 ἐθέλω·
842 1818 964 1906 μέτρον
997 1819 1037 1886 δέ
1068 1821 1139 1887 ἐστι
1153 1836 1178 1881 1⁵

120 1923 181 1989 τοῦ
209 1921 361 2008 πλήθους
378 1925 446 1989 τῶν
474 1923 671 2011 φερομένων
691 1919 708 1992 ὁ
727 1922 849 2011 καιρός.
886 1920 969 1992 ἀλλὰ
987 1922 1032 2013 μή
1057 1950 1139 1994 ποτε

121 2024 183 2095 οὐκ
211 2030 348 2096 ἐκείνων
376 2027 437 2117 χρή
465 2032 531 2098 νῦν
554 2027 614 2099 τὸν
642 2035 782 2098 ἐπαινον
800 2029 944 2118 γράφειν
972 2027 1054 2099 οὐδὲ
1073 2029 1138 2100 ὅσα

121 2129 201 2221 ἡμῖν
229 2131 343 2220 ἀγαθά
362 2132 483 2220 γένοιτ’
515 2132 557 2204 ἀν
577 2139 726 2223 ἐνθένδε,
755 2131 882 2205 ὁπόσου
902 2135 939 2204 δέ
957 2135 995 2205 τὸ
1024 2141 1139 2227 δωρον

68 2237 221 2320 ιχςάξιον
249 2241 507 2331 καταμαθόντας
534 2242 632 2332 χάριν
659 2239 830 2311 ἀποτίνειν
857 2240 961 2330 τυχὸν
989 2240 1053 2312 οὐκ
1081 2242 1137 2314 ἀλ-

121 2353 258 2436 λοτρίαν
294 2352 356 2417 τοῦ
393 2350 557 2429 δοθέντος
593 2351 633 2437 τή
669 2351 883 2438 χαρισαμένή.
928 2349 1040 2436 λόγων
1073 2349 1177 2440 γάρὲν

122 2451 264 2522 ἀστείων
301 2456 357 2522 καὶ
393 2458 619 2525 παντοδαπῶν
659 2454 858 2544 θησαυροὺς
893 2454 953 2524 τὸν
991 2459 1029 2525 ἐν
1066 2472 1138 2539 ταῖς

121 2566 251 2646 βίβλοις
280 2561 461 2647 δεξάμενον
489 2559 551 2630 οὐκ
570 2559 689 2631 άδικον
713 2560 769 2631 διά
798 2564 946 2652 σμικρῶν
973 2564 1029 2631 καὶ
1049 2563 1137 2651 φαά-

121 2673 190 2733 λων
218 2666 375 2754 ῥημάτων
408 2671 581 2749 ἰδιωτικῶς
612 2670 668 2737 καὶ
697 2666 862 2757 ἀγροίκως
893 2666 980 2758 ἀγαν
1009 2671 1137 2758 ξυγκει-

122 2773 233 2858 μένων
266 2770 361 2863 ήίδειν
394 2770 573 2862 εὐφημίαν.
625 2772 705 2844 οὐδὲ
736 2773 800 2863 γάρ
837 2773 988 2865 γεωργὸν
1021 2776 1139 2865 φήσεις

123 2875 332 2966 εὐγνώμονα,
365 2876 402 2961 δς
428 2880 672 2969 καταφυτεόειν
700 2880 760 2969 μέν
786 2880 848 2970 τήν
880 2881 1048 2970 φνταλιὰν
1081 2881 1138 2976 ἀρ·
1151 2898 1175 2941 ¹⁶

122 2985 262 3072 χόμενος
290 2986 438 3074 κλήματα
465 2985 536 3076 ήτει
563 2984 653 3076 παρά
680 2991 749 3056 τῶν
776 2989 953 3076 γειτόνων,
985 2988 1057 3058 εἶτα
1086 2994 1138 3060 ἐκ-

121 3092 256 3179 τρέφων
283 3089 341 3172 τὰς
373 3090 540 3181 ἀμπέλους
573 3099 729 3163 δίκελλαν
757 3097 812 3163 καὶ
845 3087 947 3177 αὖθις
979 3097 1158 3219 σμινύην,’,

191 3303 403 3377 1καλτάς]λ“
422 3300 510 3377 ήκαλ
529 3303 581 3371 τάς
651 3306 805 3392 3εί4τήν
824 3305 1026 3379 ἐμπειρίαν-
1045 3310 1140 3380 σοφά-

121 3373 218 3458 τερον]
237 3380 332 3443 Eurip.
351 3378 451 3429 Phoen
472 3382 520 3430 532
591 3383 623 3430 10
641 3371 805 3459 ἀφομοιῶν,
824 3385 856 3430 ut
873 3382 990 3441 videtur,
1009 3382 1034 3431 V
1106 3385 1138 3434 11

120 3462 258 3529 τυγχανοι
279 3447 312 3506 V]
331 3443 468 3512 τυγχάνει
526 3449 557 3497 13
575 3441 701 3499 παιδιάν
718 3446 817 3523 Wytt]
836 3447 986 3500 παιδείαν.
1018 3448 1056 3499 cf.
1070 3451 1138 3502 5313

122 3516 202 3569 151ι.
220 3509 385 3593 τάνοιγκαια
454 3516 484 3564 21
505 3512 557 3566 τόν
575 3513 735 3582 Horkelius]
754 3532 811 3567 των
879 3519 912 3568 25
931 3510 1140 3582 εόδαίμοναν

121 3583 153 3630 27
173 3596 315 3647 σμινννήν
332 3583 357 3631 V
