2392 3960
124 149 164 213 68
428 148 571 199 IULIANI
590 146 838 199 IMPERATORIS

124 278 177 346 ἐπὶ
218 280 280 345 τοῦ
322 282 451 364 τείχους
493 285 612 362 ίσχυον
653 271 804 361 ἀντέχειν
843 274 1143 363 παραταττόμενοι·

125 386 178 452 σοὶ
208 382 244 451 δὲ
272 388 407 469 μυρίαις
435 381 554 469 μάχαις
577 382 773 468 ξυμμίξαντι
800 381 856 448 καὶ
873 386 1047 469 πολεμίοις
1063 389 1144 451 πολ-

125 499 196 570 λοῖς
232 489 293 577 μὲν
332 488 529 576 βαρβάροις,
563 484 626 555 οὐκ
658 486 807 555 ἐλάττοσι
841 486 878 556 δὲ
910 485 1045 557 τούτων
1075 502 1145 569 τοῖς

127 605 265 664 οἴκοθεν
294 593 463 683 άφεστωσι
491 596 546 663 καὶ
575 594 851 681 συνεπιθεμένοις
877 596 924 685 τῷ
947 591 1012 681 τὴν
1037 590 1146 685 ἀρχὴν

125 708 387 791 σφετερίσασθαι
414 702 626 790 προελομένῳ
646 696 796 788 άρραγὴς
824 704 955 787 ἔμεινεν
972 695 994 787 ἡ
1014 700 1170 788 φάλαγξι

73 810 181 877 τεκαὶ
215 806 408 894 άδιάλυτος,
442 804 517 875 οὐδ’
550 809 602 875 ἐπὶ
636 803 778 894 σμικρὸν
806 809 963 875 ἐνδοῦσα.
1008 807 1066 875 καὶ
1094 804 1147 877 ότι

125 914 168 1003 μὴ
202 918 302 1003 λῆρος
333 919 438 983 ταῦτα
475 914 559 1000 μηδὲ
596 919 815 1001 προσποίησις
851 913 963 999 λόγων
1000 916 1060 1001 τῆς
1093 914 1146 983 ἐπὶ

125 1025 193 1089 των
226 1027 334 1108 ἔργων
367 1018 528 1107 άληθείας
555 1026 729 1105 κρείττων,
762 1019 866 1086 ἐθέλω
894 1033 965 1100 τοῖς
996 1022 1145 1107 παροῦσι

127 1130 318 1208 διεξελθεῖν.
370 1136 502 1211 γελοῖον
539 1124 604 1213 γάρ
642 1124 733 1212 οἶμαι
770 1123 854 1212 πρὸς
891 1126 928 1193 σε
963 1127 1041 1214 περὶ
1078 1129 1148 1195 τῶν

127 1237 197 1301 σῶν
216 1238 323 1321 ἔργων
342 1239 547 1320 διηγεῖσθαι·
576 1233 631 1300 καὶ
649 1229 773 1299 ταύτὸν
792 1226 835 1299 άν
853 1231 998 1320 πάθοιμι
1025 1232 1147 1324 φαύλῳ
1161 1260 1186 1299 ιο

126 1341 182 1408 καὶ
219 1337 359 1429 άκόμφφ
402 1342 507 1426 θεατῇ
548 1342 616 1406 τῶν
659 1344 798 1406 Φειδίου
840 1339 1148 1428 δημιουργημάτων

126 1444 210 1534 πρὸς
238 1443 343 1514 αὐτὸν
377 1450 516 1513 Φειδίαν
545 1447 766 1531 ἐπιχειροῦντι
800 1446 956 1524 διεξιέναι
984 1446 1061 1535 περὶ
1089 1448 1150 1533 τῆς

128 1554 165 1619 ἐν
192 1549 371 1641 ἀκροπόλει
399 1553 574 1639 παρθένου
602 1554 657 1619 καὶ
685 1554 746 1618 τοῦ
773 1547 863 1638 παρά
891 1565 961 1633 τοῖς
987 1558 1150 1633 Πισαίοις

127 1659 220 1738 Διός.
257 1665 289 1725 εί
316 1658 353 1725 δέ
381 1661 414 1738 ἐς
441 1655 520 1737 τοὺς
539 1655 661 1736 ἄλλους
689 1658 861 1744 ἐκφέροιμι
888 1656 930 1725 τά
958 1656 1150 1745 σεμνότατα

86 1767 204 1847 ΒτῶνΙ
224 1770 342 1851 ἔργων,
371 1773 451 1843 ἴσως
479 1759 522 1831 άν
550 1759 758 1850 άποφάγοιμι
785 1760 847 1850 τὴν
875 1760 1062 1853 ἁμαρτάδα,
1090 1766 1149 1833 καὶ
1164 1788 1190 1831 ιε

128 1868 191 1939 οὐκ
224 1876 339 1958 ἔσομαι
371 1884 443 1950 ταῖς
476 1875 648 1955 διαβολαῖς
681 1875 808 1956 ἔνοχος·
847 1866 930 1937 ὥστε
961 1867 1028 1958 ἤδη
1060 1881 1150 1957 θαρ-

129 1980 255 2065 ροῦντα
283 1975 344 2065 χρὴ
373 1979 490 2062 λέγειν.
537 1984 596 2044 καί
621 2004 677 2063 μοι
704 1975 749 2063 μή
776 2001 825 2056 τις
857 1977 1048 2066 δυσχεράνη
1076 2004 1149 2046 πει-

128 2087 266 2176 ρωμένω
294 2083 445 2171 πράξεων
473 2081 638 2151 ἅπτεσθαι
669 2082 845 2170 μειζόνων,
878 2088 909 2150 εί
934 2084 990 2151 καὶ
1018 2081 1056 2152 τὸ
1085 2087 1150 2154 τοῦ

128 2191 232 2275 λόγου
261 2192 440 2258 συνεκθέοι
467 2193 585 2276 μῆκος,
613 2190 669 2256 καὶ
697 2191 801 2255 ταῦτα
828 2189 990 2270 θέλοντος
1018 2191 1150 2278 ἐπέχειν

127 2297 184 2364 καὶ
212 2299 427 2383 βιαζομένου,
455 2294 545 2375 ὅπως
572 2293 617 2382 μὴ
650 2298 695 2386 τῷ
724 2297 858 2382 μεγέθει
890 2298 960 2363 τῶν
988 2302 1100 2385 ἔργων
1127 2292 1189 2385 ἡεο

128 2406 195 2471 τῶν
223 2403 334 2488 λόγων
367 2400 525 2485 άσθέγεια
553 2402 767 2488 περιχεομένη
796 2400 1055 2490 διαλυμήνηται·
1090 2430 1151 2472 κα-

128 2509 238 2593 θάπερ
267 2508 309 2596 δὴ
342 2507 403 2576 τὸν
435 2508 562 2595 χρυσόν
590 2527 674 2594 φασι
706 2510 767 2576 του
796 2510 981 2576 Θεσπιάσιν
1000 2505 1152 2598 ’Ἑρωτος

90 2625 111 2677 C
129 2629 200 2694 τοῖς
227 2628 358 2701 πτεροῖς
387 2616 609 2700 ἐπιβληθέντα
636 2612 698 2702 τὴν
726 2610 900 2703 άκρίβειαν
927 2611 1068 2702 άφελεῖν
1089 2618 1152 2703 τῆς

129 2724 253 2808 τέχνης.
291 2726 396 2789 δεῖται
423 2717 488 2809 γάρ
517 2716 653 2807 άληθῶς
680 2723 739 2806 τῆς
758 2715 936 2809 Ὁμηρικῆς
964 2720 1151 2808 σάλπιγγος

128 2825 169 2894 τά
197 2827 455 2918 κατορθώματα,
483 2828 538 2894 καὶ
566 2823 653 2895 πολὺ
681 2828 783 2895 πλέον
814 2821 836 2913 ἦ
869 2825 909 2894 τά
941 2830 1002 2895 τοῦ
1031 2836 1148 2897 Μακε-
1162 2848 1188 2889 ¹⁵

131 2934 232 3014 δόνος
269 2939 357 3021 ἔργα.
408 2937 512 3021 δῆλον
549 2931 587 3001 δέ
624 2938 714 3000 ἔσται
751 2933 933 3021 χρωμένοις
974 2929 1055 3021 ἡμῖν
1101 2937 1150 3025 τῷ

130 3040 241 3130 τρόπῳ
283 3043 351 3107 των
388 3040 513 3125 λόγων,
555 3037 657 3126 ὅνπερ
695 3041 728 3119 ἐξ
770 3035 872 3127 ἀρχῆς
916 3035 1150 3127 προυθέμεθα.

200 3250 213 3296 1
234 3245 320 3311 ἴσχων
339 3249 362 3297 V
427 3249 442 3295 9
460 3240 532 3311 πρὸς
551 3242 581 3297 σὲ
600 3241 670 3311 VM]
691 3236 762 3309 πρός
780 3258 812 3296 σε
875 3247 906 3294 13
923 3243 1071 3304 πιοταίοις
1089 3245 1148 3296 VM

133 3316 164 3365 14
187 3307 337 3379 ἐκφέροιμι
362 3331 413 3366 om.
431 3314 456 3361 V
525 3316 557 3363 1⁷
582 3311 746 3379 δυτχεράνη
764 3310 803 3377 V]
828 3310 1003 3378 δυσχεραίνῃ
1025 3311 1149 3378 (δυσκε-

132 3382 227 3446 ραίνοι
246 3383 284 3444 Μ)
355 3385 387 3435 19
410 3376 566 3434 ουνεκθέοι
585 3379 625 3446 V]
649 3374 804 3433 τυνεκθέει
834 3383 837 3442 Ι
862 3373 979 3446 ἐπέχειν
998 3377 1069 3445 VM]
1088 3374 1149 3432 ἐπι-

132 3455 213 3515 σχεῖν
281 3452 314 3500 22
333 3443 370 3516 δή
389 3446 426 3518 V]
446 3443 484 3516 δὴ
503 3446 553 3501 καί
570 3441 789 3527 Ιθεσπιάοιντν
857 3449 891 3498 25
908 3445 971 3513 καὶ]
994 3437 1008 3460 “
1029 3446 1079 3526 ηαδ
1097 3446 1147 3515 V]

132 3513 219 3568 πλέον
238 3515 308 3585 VM]
328 3520 430 3571 πλεῖον
498 3520 531 3569 27
549 3509 638 3582 ὅνπερ
658 3516 717 3581 (vel
734 3514 823 3585 ῳπερ)
841 3515 907 3570 Rsk.
926 3522 954 3565 et
971 3466 1010 3579 H]
1030 3532 1102 3581 οπερ
