2392 3960
126 131 146 196 8
427 134 570 187 ιαιιεαι
591 121 841 188 ιιιεευιεοαιε

127 263 197 328 σῶν
224 263 293 329 ἐστι
319 260 381 349 μέν
407 262 536 331 τούτων
563 261 722 352 νεῶτερα,
750 262 883 353 λαμπρὰ
910 262 948 332 δὲ
976 260 1018 332 ού
1044 279 1142 353 μεῖον

127 369 272 435 ἐκείνων.
318 373 438 455 ἔτυχον
465 367 525 456 μέν
553 366 617 458 γάρ
646 366 746 457 άμςοω
773 372 831 457 τής
858 366 962 459 άρχής
989 367 1035 439 δι’
1065 369 1140 461 άρε-

125 470 187 560 τήν
216 470 296 554 άξίω
324 476 488 563 κριδέντε,
517 477 684 562 γενομένω
713 475 751 544 δὲ
769 477 822 544 έπὶ
840 479 908 544 τῶν
935 475 1140 565 πραγμάτων

118 576 214 648 οὕτω
242 580 325 670 πρός
342 607 378 649 τε
396 578 560 668 ἀλλήλους
588 578 748 663 εὐνοϊκῶς
776 587 876 669 ἔσχον
893 584 949 651 καὶ
976 580 1061 673 πρὸς
1078 582 1139 652 τὸν

126 685 310 773 μεταδόντα
337 689 395 774 τής
422 693 591 775 βασιλείας
618 685 773 775 εὐσεβῶς,
802 685 883 757 ῶσῖί
915 684 933 757 δ
961 688 1023 775 μέν
1051 684 1168 778 ῶμο-ε

125 791 216 877 λόγει
247 791 352 880 μηδὲν
383 793 506 862 τούτου
538 793 669 863 πώποτε
700 802 849 883 κρεῖττον
881 796 1140 883 βεβουλεῦσθαι,

84 897 231 969 Βπολλδι
258 900 314 967 καὶ
332 896 416 968 άλλα
444 900 588 988 σωτήρια
611 915 681 980 τοῖς
708 915 835 982 κοινοῖς
862 900 1017 990 ἐξευρών,
1046 905 1081 969 oc
1102 902 1141 971 δὲ

124 1000 186 1091 τήν
213 1002 283 1091 μετ’
314 1002 466 1093 άλλήλων
492 1013 675 1075 κοινωνίαν
694 1010 820 1094 μάλλον
838 1003 859 1093 ή
878 1006 940 1095 τήν
962 1010 1030 1075 τῶν
1049 1004 1140 1076 ὅλων

125 1107 240 1198 ἀρχήν,
269 1119 359 1199 εῖπερ
389 1106 516 1180 οἷόντε
534 1104 587 1199 ήν,
616 1112 741 1204 ἑκάστην
769 1115 1030 1202 περιγενομένην
1057 1110 1139 1201 ήγά-

123 1239 206 1284 πων.
262 1214 348 1285 ούτω
382 1217 419 1285 δὲ
452 1223 656 1307 διακείμενοι
691 1217 749 1300 τάς
780 1218 890 1306 ψυχὰς
925 1223 993 1288 τῶν
1030 1224 1139 1309 ἔργων
1154 1251 1183 1292 ιο

124 1326 234 1411 ἔδρων
260 1321 301 1391 τά
333 1323 504 1411 κάλλιστα,
529 1325 712 1413 σεβόμενοι
744 1325 805 1413 μὲν
837 1323 916 1414 μετά
943 1322 1006 1413 τήν
1033 1333 1140 1415 κρείτ·

122 1453 205 1496 τονα
233 1429 338 1516 φύσιν
365 1426 425 1498 τὸν
451 1429 514 1517 τήν
542 1429 647 1520 άρχήν
676 1429 790 1512 αὐτοῖς
816 1431 1040 1520 παρασχόντα,
1068 1446 1141 1514 τοῖς

122 1530 284 1621 ὑπηκόοις
311 1534 349 1603 δὲ
377 1531 478 1617 ὁσίως
510 1539 565 1605 καὶ
594 1538 844 1626 φιλανθρώπως
875 1537 1055 1626 χρώμενοι,
1082 1540 1140 1607 καί

87 1638 201 1721 Οτούς
228 1640 421 1730 βαρβάρους
449 1638 511 1709 ούκ
538 1642 735 1722 ἐλαύνοντες
766 1643 872 1730 μόνον
899 1643 1001 1711 πάλαι
1027 1670 1139 1712 κατοι-

122 1749 267 1827 κοῦντας
293 1749 349 1815 καί
377 1750 581 1834 νεμομένους
608 1747 760 1837 καθάπερ
787 1746 849 1836 τήν
877 1754 1005 1817 οίκείαν
1032 1746 1140 1830 άδεῶς
1152 1777 1179 1821 15

122 1850 162 1920 τόι
189 1847 341 1941 ήμέτερα,
369 1852 517 1943 φρούρια
546 1852 583 1921 δέ
611 1856 856 1942 ε’πιτειχίζοντες
875 1855 989 1935 αὐτοῖς
1016 1855 1138 1924 τοσαύ-

122 1984 184 2046 την
211 1957 293 2047 πρὸς
321 1955 444 2039 αύτούς
472 1959 610 2048 είρήνην
637 1975 707 2041 τοῖς
735 1957 895 2048 ὑπηκόοις
922 1962 1139 2051 κατέστησαν,

123 2061 207 2152 ὅσην
235 2061 317 2134 οὐδὲ
349 2063 522 2146 εύξασθαι-
539 2066 612 2135 τότε
640 2065 760 2157 ῥηίδιον
788 2067 904 2136 ἐδόκει.
950 2063 1022 2135 ἀλλ’
1052 2062 1138 2157 ύπδρ

122 2171 183 2258 μὲν
214 2171 345 2240 τούτων
377 2169 440 2240 ούκ
472 2169 567 2253 άξιον
595 2175 631 2241 έν
662 2174 817 2264 παρέργῳ
851 2174 968 2259 λέγειν.
1013 2176 1072 2261 τής
1100 2174 1139 2243 δὲ

123 2273 282 2365 ὁμονοίας
310 2275 422 2346 αύτῶν
449 2282 507 2367 τής
524 2277 608 2370 πρὸς
635 2275 799 2367 ἀλλήλους
826 2277 866 2347 τά
893 2281 1049 2367 μέγιστον
1079 2299 1137 2368 ση-
1151 2311 1179 2352 ιο

123 2398 218 2472 μεῖον
236 2393 436 2473 παραλιπεῖν
464 2381 620 2473 οὐδαμῶς
643 2382 796 2472 εύλογον,
824 2387 880 2454 καὶ
900 2383 1007 2466 άλλως
1033 2407 1137 2477 προσ-

85 2493 204 2578 Βήκον
236 2493 281 2582 τῷ
313 2490 411 2581 λόγῳ.
462 2495 645 2559 κοινωνίαν
677 2490 740 2581 γάρ
767 2491 830 2580 τήν
861 2497 1041 2581 καλλίστην
1067 2507 1139 2574 τοῖς
1167 2551 1170 2557 .

124 2592 237 2665 αύτῶν
264 2596 380 2665 παισίν
413 2596 649 2684 ἐπινοήσαντες
680 2601 748 2667 τῶν
776 2602 847 2667 σῶν
878 2598 1031 2687 πατέρων
1057 2596 1138 2680 τούς

122 2703 250 2791 γάμους
278 2700 438 2792 ἥρμοσαν.
475 2703 634 2793 προσήκει
654 2703 690 2772 δέ
719 2702 811 2792 οἶμαι
829 2707 885 2773 καὶ
904 2705 979 2794 περὶ
1006 2704 1137 2774 τούτων

121 2811 158 2878 ἐν
176 2817 295 2900 βραχεῖ
321 2814 480 2896 διελθεῖν,
508 2807 597 2891 ὅπως
615 2808 659 2898 μή
678 2814 737 2899 τής
765 2808 866 2901 ιἰρχής
885 2814 996 2901 φανής
1018 2809 1136 2899 μόνον,
1150 2839 1178 2881 ει

121 2912 203 2984 άλλὰ
231 2917 286 2985 καὶ
314 2918 372 3004 τής
389 2913 507 3006 άρετής
534 2917 748 3006 κληρονόμος.
784 2916 847 3005 τήν
875 2918 936 3006 μὲν
954 2909 1017 2985 οὖν
1040 2924 1136 3005 βασι-

120 3026 214 3091 λείαν
242 3019 331 3103 ὅπως
363 3022 443 3109 μετὰ
470 3023 531 3112 τήν
563 3027 624 3092 τοῦ
656 3022 780 3113 πατρὸς
812 3026 947 3111 κατέσχε
978 3021 1135 3111 τελευτήν

120 3125 227 3196 αὐτοῦ
259 3156 293 3197 τε
327 3131 457 3199 ἐκείνου
490 3133 529 3219 τῇ
561 3136 668 3219 κρίσει
704 3132 759 3199 καὶ
795 3134 863 3199 τῶν
901 3131 1136 3217 στρατοπέδων

189 3266 204 3313 2
223 3253 363 3347 άρχῆς]’
347 3261 464 3348 αρετῆς
468 3267 493 3317 V
557 3268 572 3316 6
590 3258 695 3318 τούτου
713 3260 828 3317 πάποτε
845 3263 880 3331 V]
897 3257 1013 3316 πάποτε
1031 3257 1135 3315 τούτου

120 3333 178 3382 θεῖ
192 3333 224 3410 λβ
242 3321 408 3398 ήγοίπων]
392 3350 429 3383 αν
447 3324 609 3413 ήγάπωνῖ
645 3337 677 3386 16
695 3339 721 3384 et
734 3338 765 3386 17
784 3326 885 3391 αὐτοῖς
903 3325 1046 3411 τοσαύτην
1063 3323 1135 3397 πρός

120 3390 230 3458 αύτονς
248 3397 325 3465 Rsk]
351 3404 413 3459 τοῖς
430 3394 516 3481 πρὸς
520 3393 628 3461 αύτούς
645 3395 818 3480 τοσαύτην
856 3403 889 3451 22
906 3392 962 3466 τήν
978 3397 1135 3480 καλλίστην

119 3465 208 3548 VM]
206 3466 293 3519 καλλί
292 3481 361 3530 στην
431 3472 463 3520 23
482 3460 578 3522 αύτῶν
597 3468 716 3536 Sehaefi]
740 3459 836 3521 αὐτῶν
904 3470 938 3519 25
956 3466 1052 3537 φανῇς
1070 3472 1134 3534 post

119 3526 224 3602 άρετής
242 3540 349 3602 ponunt
338 3535 417 3587 tMv
