2392 3960
55 161 118 225 602
357 162 501 214 mmm
518 161 768 214 ιωεοαλνοωτε

56 296 133 385 ἀχρι
160 300 228 364 τῶν
254 299 378 383 βωμῶν
405 298 549 384 φέρεται.
595 294 657 366 οὐκ
680 306 749 366 ίστε
771 296 824 367 ὅτι
847 297 914 387 πρὸ
937 297 1068 373 πάντων

56 407 124 471 τῶν
156 400 268 470 ἀλλων
299 402 339 470 τά
371 406 431 532 τὴρ
457 401 581 492 ἡμέρας
608 403 664 471 καὶ
689 402 729 471 τὰ
757 407 817 492 τὴς
843 402 966 485 νυιιτὸς
994 410 1068 493 ἔργα

58 509 229 598 διῄρηταις
267 502 364 589 οὗτος
391 536 455 578 ουν
481 509 616 589 εἰκότως
641 524 712 590 τοῖς
737 511 801 598 μὶν
827 507 1003 600 ἀφῃρέθη,
1033 512 1069 600 τῇ

58 616 95 683 δὲ
127 613 309 685 ἀνακέοιτο.
355 612 397 684 οὐ
428 615 492 704 γὰρ
526 614 567 704 δὴ
599 620 658 704 τὴς
685 618 828 703 ἐσθὴτος
858 615 923 704 τὴν
950 614 1070 704 λευιιὴν

58 724 110 790 ἐπὶ
151 737 221 802 τοῖς
259 725 422 792 πένθεσιν
460 722 572 811 ὀρθῶς
608 729 685 811 ἔχον
722 722 791 791 ἐστὶ
826 732 1089 811 παραιτεῖσθαιμ

57 829 199 896 θάπτειν
232 830 269 897 δὲ
300 829 379 909 τοὺς
409 829 668 916 τελευτήσαντας
696 830 733 898 έν
759 826 867 919 ἡμέρη
892 829 952 897 καὶ
979 832 1070 915 φωτί

57 937 190 1020 βέλτιον
208 928 280 1025 (ἡν)
301 939 419 1021 ἐκεῖνο,
443 945 477 1003 εί
489 961 528 1022 γε
546 939 593 1013 είς
611 932 735 1004 οὐδένα
753 937 822 1003 τῶν
839 937 936 1003 θεῶν
953 936 1070 1024 έπλημ·

56 1050 200 1128 μελείτο,
236 1046 335 1110 τοῦτο
369 1041 406 1110 δὲ
439 1039 500 1110 οὐκ
532 1041 685 1128 ἐκφεύγει
711 1041 750 1110 τὸ
778 1039 823 1128 μὴ
851 1044 901 1121 είς
927 1038 1070 1123 ἅπαντας
1111 1094 1113 1135 Ι

56 1148 134 1227 τοὺς
160 1146 264 1227 θεοὺς
286 1146 373 1216 εἶναι
397 1149 604 1233 δυσσέβειαν.
648 1161 720 1228 τοῖς
740 1172 777 1214 τε
798 1146 863 1236 γὰρ
884 1144 1069 1236 Ὀλυμπίοις

57 1252 99 1322 οὐ
122 1257 201 1323 δέον
220 1252 301 1324 αὐτὸ
320 1256 558 1342 προσνέμουσι,
581 1254 636 1322 καὶ
654 1257 722 1323 τόν
739 1260 903 1342 χθονίων,
925 1252 948 1343 ἡ
967 1254 1097 1327 δκωσ-ιι

57 1365 120 1429 οὖν
147 1360 254 1441 άλλως
285 1366 320 1430 οί
344 1365 412 1429 τῶν
439 1365 556 1448 ψυχῶν
577 1363 754 1450 ζέπίτροποι
780 1362 838 1430 καὶ
863 1361 979 1453 κύριοι
1005 1370 1068 1453 χαί·

56 1488 176 1555 ρουσιν
195 1465 446 1556 ὀνομαζόμενοι,
469 1467 558 1556 παρὰ
576 1466 614 1536 τὸ
634 1469 715 1537 δέον
733 1465 982 1557 ἀλλοτριοῦσιν.
1009 1471 1066 1559 έγδ

57 1574 94 1640 δὲ
118 1572 194 1642 οἶδα
216 1574 272 1641 καὶ
295 1572 373 1653 τοὺς
393 1573 566 1661 περιττοὺς
582 1573 638 1641 καὶ
657 1570 804 1662 ἀκριβεῖς
820 1574 862 1643 τὰ
879 1584 962 1644 θεία
979 1586 1067 1657 θεοίς

56 1695 125 1759 τοῖς
160 1679 249 1748 κάτω
282 1679 412 1767 νύκτωρ
445 1677 465 1767 ἡ
498 1679 631 1760 πάντως
661 1678 742 1767 μετὰ
773 1681 919 1770 δεκάτην
949 1680 1067 1772 ἡμέρας

56 1788 149 1876 ὥραν
178 1785 250 1873 ίερδι
278 1791 364 1875 δρᾶν
386 1785 571 1868 ἀξιοῦντας.
617 1791 648 1855 εί
670 1787 707 1854 δὲ
728 1790 788 1874 τῆς
810 1789 952 1859 ἐκείνων
973 1798 1098 1877 θερα-ιτ

56 1900 149 1973 πείας
186 1885 284 1971 οὗτος
319 1889 467 1980 ἀμείνων
504 1891 521 1961 ὁ
554 1892 684 1982 καιρός,
727 1889 807 1962 οὐδὲ
836 1897 878 1984 τῇ
910 1900 1069 1985 θεραπείᾳ

56 2001 187 2078 πάντως
209 2002 277 2066 τῶν
299 1998 496 2067 τεθνεώτων
519 2000 633 2087 ἕτερον
657 1995 886 2087 ἀποδώσομεν.

149 2113 226 2183 Τοῖς
253 2103 315 2191 μὲν
344 2096 406 2172 οὖν
435 2105 548 2172 ἑκοῦσι
570 2106 787 2192 πειθομένοις
808 2106 943 2193 ἐξαρκεῖ
960 2110 1071 2175 ταῦτα.
1111 2120 1113 2129 “

57 2210 78 2281 ἃ
109 2212 173 2300 γὰρ
208 2212 403 2300 ἡμάρτανον
435 2211 603 2298 μαθόντες
634 2212 889 2299 μετατιθέσθων
919 2211 1006 2303 πρὸς
1034 2212 1069 2283 τό

56 2321 197 2406 βέλτιον.
243 2323 274 2386 εί
305 2320 345 2386 δέ
373 2345 423 2397 τις
454 2317 605 2396 τοιοῦτός
637 2319 728 2384 ἐστιν
755 2310 827 2396 οἷος
853 2314 993 2407 ἀπειλῆς
1016 2320 1101 2389 καίει

57 2433 171 2514 ζημίας
194 2430 343 2510 δεῖσθαι,
374 2433 453 2492 ίστω
476 2424 539 2510 τὴν
562 2429 721 2510 μεγίστην
743 2420 878 2509 ὑφέξων
901 2428 1017 2513 δίκην,
1042 2428 1072 2495 εί

56 2531 120 2620 πρὸ
158 2531 296 2618 δεκάτης
327 2529 487 2619 ἡμερινῆς
519 2530 607 2617 ὥρας
638 2528 795 2617 τολμήσει
825 2556 861 2598 τε
890 2536 963 2600 τῶν
994 2532 1071 2603 ἀκο-

56 2640 245 2724 γινομένων
271 2635 363 2716 τινὸς
389 2640 549 2723 κηδεῦσαι
577 2640 672 2723 σῶμα
698 2636 754 2704 καὶ
782 2634 840 2704 διὰ
864 2640 926 2725 τὴς
945 2638 1072 2721 πόλεως

56 2747 218 2832 ἐνεγκεῖν·
254 2742 338 2812 ἀλλὰ
371 2743 493 2823 δύντος
524 2741 623 2831 ἡλίου
653 2743 709 2810 καὶ
740 2735 785 2835 αὖ
811 2743 894 2831 πρὶν
920 2741 1071 2835 ἀνίσχειν

55 2857 158 2919 ταῦτα
180 2852 343 2938 γενέσθω,
366 2849 387 2938 ἡ
412 2849 449 2918 δὲ
471 2847 577 2938 ἡμέρα
600 2847 735 2937 καθαρά
757 2856 924 2937 καθαροῖς
943 2866 1018 2935 τοῖς
1037 2874 1103 2923 m

56 2962 165 3045 ἔργοις
187 2960 243 3026 καὶ
265 2972 335 3035 τοῖς
354 2953 544 3044 Ὀλυμπίοις
566 2953 758 3025 ἀνακείσθω
780 2964 885 3036 θεοῖς.

123 3115 138 3161 2
153 3104 247 3163 ἀλλων
259 3109 296 3176 H]
311 3100 405 3162 ἀλλων
417 3101 455 3169 ὡς
465 3110 494 3160 Μ
508 3109 513 3173 Ι
528 3100 708 3193 ἡμετέραςΜ
737 3106 816 3162 Βείλ
828 3108 983 3179 corruptus
993 3112 1071 3167 low

58 3179 120 3230 fort.
140 3181 179 3230 ita
198 3179 369 3231 scribendus:
399 3169 491 3249 οόΙτως
510 3194 563 3231 ουν
584 3172 702 3237 εἰκότως
718 3172 770 3243 τῆς
792 3171 846 3243 μὲν
863 3177 915 3243 (so.
932 3176 987 3247 τῆς
1002 3172 1071 3247 ἡρέ-

56 3248 118 3311 ρας)
146 3247 232 3299 τοῦτο
260 3238 302 3313 (τό
321 3241 460 3311 θάπτειν)
488 3239 642 3314 ἀφῃρέθη,
671 3241 707 3312 τὴ
730 3239 763 3296 δὲ
791 3244 841 3309 (ευ,
858 3242 895 3315 τῇ
913 3244 1010 3315 νυκτί)
1034 3236 1071 3299 ἓν

55 3307 210 3366 ἀνακέοιτο
288 3317 302 3366 7
325 3300 361 3379 ἡν
381 3315 443 3364 add.
461 3314 488 3363 H
564 3316 580 3365 9
603 3309 760 3379 δυσσέβεια
776 3312 806 3362 Μ
884 3316 917 3367 1⁶
935 3308 1071 3383 ἱερεῖα

56 3385 87 3433 16
106 3382 139 3450 τῇ
158 3381 385 3460 θεραπεία-,17
404 3377 502 3447 ἕτερον
527 3380 576 3445 (se.
594 3373 708 3448 καιρόν)
725 3377 765 3448 H]
792 3374 849 3448 τὴν
865 3382 1071 3449 θεραπείαν-

303 3465 358 3500 πο

56 3508 156 3581 ἑτέραν
175 3521 204 3569 Μ
252 3520 284 3568 19
301 3466 380 3583 πάρά
398 3518 427 3566 Μ
473 3505 562 3568 24αά
580 3514 616 3582 Η]
636 3505 717 3569 οόΜ
763 3513 887 3571 muto
904 3508 1070 3587 τοῖςόλφ·
