2370 3908
85 148 149 210 420
387 149 531 200 IULIANI
548 149 798 200 IMPERA'I'ORIS

87 273 128 344 οὐ
156 275 347 364 μόνον·της
366 274 446 362 μετά
473 279 578 343 ταῦτα
596 272 745 356 εόκλείας
772 274 834 364 τὴν
862 275 1007 367 αἰσχράν
1025 304 1101 366 τρο·

87 381 158 470 φην
199 385 436 470 προτιμῶντες,
478 378 561 449 άλλά
597 382 653 449 καὶ
689 384 748 469 τῆς
788 389 955 473 σωτηρίας
991 381 1103 470 αὐτῆς.

88 487 151 574 ἐγώ
189 488 250 575 μὲν
291 480 354 557 οὖν
394 491 499 557 ταῦτα
540 488 782 576 διανοούμενος
820 486 883 558 οὐκ
923 485 1005 570 ἆξιώ
1047 493 1104 578 της

87 602 240 682 χείρονος
266 591 412 682 ἐμαυτόν
439 599 586 683 μερίδος
616 591 682 681 ό,τι
711 591 742 662 δ’
773 590 816 662 διν
839 590 931 683 ὑμῖν,
961 586 988 663 τό
1016 604 1103 683 θεοί,

87 706 264 787 φαίνηται,
291 704 391 769 τοῦτο
421 701 509 781 εἰκός
536 703 627 768 ἐστιν
654 700 709 788 ἐμὲ
738 700 913 789 δήπουθεν
941 703 1126 791 στέργεινε

167 812 311 876 Δίδοται
348 804 428 896 μετὰ
465 810 587 876 τοῦτον
618 809 664 899 τῷ
700 811 856 899 Τραϊανῷ
893 810 956 876 τοῦ
993 810 1104 894 λέγειν

88 915 230 994 ἐξουσία.
268 910 286 982 ὁ
316 915 363 1000 δέ,
391 920 508 1002 καίπερ
538 913 727 1001 δυνάμενος
749 915 868 1000 λέγειν,
896 909 964 982 ὑπὸ
994 917 1104 1005 βαθυ-

51 1027 181 1108 Βμίας·
219 1022 404 1109 ἐπιτρέπειν
441 1019 504 1110 γάρ
542 1019 655 1088 είώθει
687 1017 727 1087 τά
763 1019 868 1089 πολλά
905 1023 951 1112 τῷ
985 1020 1104 1112 Σοάρα

89 1126 232 1214 γράφειν
259 1121 344 1214 ὑπὲρ
372 1122 491 1195 αὑτοῦ·
520 1125 753 1213 φθεγγόμενος
780 1129 907 1214 μάλλον
935 1122 957 1215 ἢ
985 1129 1104 1213 λέγων,

90 1236 302 1300 ἐπεδείκνυεν
335 1229 449 1313 αὐτοῖς
476 1232 514 1300 τό
542 1260 576 1301 τε
606 1232 743 1300 Γετικὸν
775 1236 831 1302 καὶ
857 1231 895 1301 τὸ
923 1232 1105 1323 Παρθικὸν
1116 1260 1136 1298 ιι

89 1338 259 1429 τρόπαιον.
309 1335 424 1428 ᾐτιᾶτο
458 1339 495 1407 δὲ
531 1337 568 1407 τὸ
602 1341 707 1429 γῆρας
744 1334 788 1419 ώς
825 1336 888 1407 οὐκ
924 1341 1105 1430 ἐπιτρέψαν

88 1441 178 1535 αὐτῷ
211 1459 281 1524 τοῖς
308 1453 497 1532 Παρθικοῖς
528 1444 721 1535 πράγμασιν
752 1446 950 1526 ἐπεξελθεῖν.
996 1447 1055 1514 καὶ
1087 1440 1103 1513 ὁ

89 1550 265 1637 Σειληνός,
291 1547 390 1636 Ἀλλ’,
419 1542 445 1617 ώ
473 1548 600 1638 μάταιε,
628 1557 703 1638 ἔφη,
732 1561 837 1620 εῖκοσι
863 1557 1113 1638 βεβασίλευιιας·

89 1663 160 1744 ἐτη,
190 1653 403 1745 Ἀλέξανδρος
435 1656 472 1724 δὲ
505 1653 620 1726 οὑτοσί
659 1656 798 1726 δώδεκα.
842 1663 878 1725 τί
907 1648 972 1726 οὖν
1008 1655 1104 1746 άφεὶς

90 1766 262 1830 αἰτιᾶσθαι
289 1762 352 1850 την
380 1766 508 1831 σαυτοῦ
524 1762 659 1853 τρυφὴν
676 1761 739 1851 τὴν
757 1767 819 1832 τοῦ
836 1763 964 1853 χρόνον
992 1766 1103 1853 μέμφη
1115 1787 1135 1827 ιι

51 1868 288 1956 οοτευότητα;
330 1871 555 1958 παροξυνθεὶς
592 1861 656 1938 οὖν
692 1865 758 1938 ὑπὸ
796 1873 857 1938 τοῦ
898 1869 1105 1959 σκώμματος,

91 1974 171 2045 οὐδὲ
199 1973 262 2063 γάρ
291 1967 333 2062 ἦν
362 1979 422 2056 ἔξω
450 1979 512 2044 τοῦ
540 1976 712 2044 δύνασθαι
740 1975 944 2066 ῥητορεύειν,
972 1972 1040 2047 ὑπὸ
1070 1976 1106 2046 δὲ

89 2087 147 2170 τῆς
171 2088 371 2167 φιλοποσίας
395 2079 601 2170 ἀμβλύτερος
624 2084 748 2151 ἑαυτοῦ
770 2080 929 2163 πολλάκις
950 2073 1007 2170 ἦν,
1022 2080 1105 2169 Ἐγώ

92 2190 144 2274 δέ,
172 2185 279 2274 εἶπεν,
313 2179 339 2255 ώ
368 2191 435 2256 Ζεῦ
462 2190 518 2256 καὶ
549 2196 641 2274 θεοί,
673 2186 737 2276 τὴν
763 2185 869 2277 ἀρχὴν
900 2187 1106 2279 παραλαβών

90 2296 270 2382 ναρκώσαν
298 2291 406 2383 ώσπερ
435 2296 490 2362 καὶ
510 2296 751 2383 διαλελυμένην
778 2290 845 2363 ὑπό
871 2322 907 2363 τε
932 2297 993 2382 τῆς
1021 2304 1139 2364 οῖ’κοιιι

90 2399 200 2469 πολὺν
227 2400 351 2489 χρόνον
380 2400 643 2488 ἐπικρατησάσης
661 2406 863 2491 τυραννίδος
888 2402 945 2470 καί
963 2404 1023 2489 τῆς
1040 2404 1108 2470 τών

48 2509 205 2579 ΒΓετών
242 2504 391 2595 ὕβρεως,
430 2507 533 2594 μόνος
568 2502 652 2596 ὑπὲρ
689 2505 749 2575 τόν
778 2503 911 2596 Ἴστρον
942 2506 1108 2597 ἐτόλμησα

92 2619 296 2700 προσλαβεῖν
329 2618 429 2700 ἔθνη,
462 2613 517 2681 καὶ
550 2611 587 2681 τὸ
622 2615 734 2681 Γετῶν
766 2619 868 2693 ἔθνος
900 2614 1043 2701 ἐξεῖλον,
1062 2620 1112 2683 ὀἳ

93 2723 160 2786 τών
178 2719 311 2787 πώποτε
330 2718 554 2806 μαχιμώτατοι
574 2718 764 2805 γεγόνασιν,
784 2716 846 2807 οὐχ
864 2714 931 2789 ὑπὸ
951 2715 1110 2810 ἀνδρείας

93 2826 199 2913 μόνον
226 2827 288 2892 τοῦ
316 2823 478 2912 σώματος,
507 2822 590 2892 άλλόι
617 2826 674 2893 καλ
702 2816 750 2893 ών
778 2829 908 2895 ἔπεισεν
935 2822 1063 2909 αὐτοὺς
1089 2822 1141 2896 ὅτι

93 2930 278 3018 τιμώμενος
310 2928 389 3017 παρ’
421 2926 535 3010 αὐτοῖς
568 2929 739 3018 Ζάμολξις.
785 2928 828 3000 οὗ
860 2928 924 3021 γάρ
957 2928 1109 3021 ἀποθνή-

178 3182 194 3230 6
217 3182 316 3232 τοίνυν
340 3184 403 3260 post
426 3179 543 3232 δίδοται
572 3180 636 3233 εδδ.
657 3182 728 3259 Aug.
750 3187 806 3247 pet
839 3181 845 3246 Ι
876 3176 997 3243 τουτον]
1024 3180 1110 3236 τοῦτο

94 3255 169 3368 ovant.
188 3254 246 3367 pet.
334 3241 390 3298 9.
394 3264 458 3301 ,του
476 3249 501 3300 V
587 3250 617 3298 11
636 3265 668 3310 το
670 3240 737 3301 όπ..
747 3251 818 3302 ..V
887 3250 920 3299 12
943 3250 1105 3313 παοδτ...

94 3314 156 3380 V!
193 3309 327 3380 ἐξελθεῖν
354 3315 543 3396 Aug.15
574 3311 731 3368 αἰτιᾶσθαι
747 3287 837 3396 iibri]
867 3312 1000 3369 αἰτιᾶται
1079 3288 1111 3371 λδ

94 3383 273 3443 πολυποσίας
296 3385 324 3433 Μ
409 3385 443 3434 20
464 3378 523 3435 ὑπό
546 3400 577 3435 τε
599 3378 722 3449 libri]
705 3378 763 3436 υττδ
786 3377 821 3434 δὲ
906 3384 941 3433 22
961 3376 1106 3453 Mo]-
1073 3400 1110 3439 τι

94 3444 167 3585 ιβδπὲρ
196 3453 360 3517 Sylburgius
386 3456 413 3500 et
440 3451 505 3502 Rsk.
592 3453 625 3502 28
651 3450 826 3517 προσλαβεῖν
851 3448 1000 3521 vum]
1023 3466 1111 3521 πριι-

114 3513 149 3570 άλ
170 3535 211 3570 ειυ
