2370 3908
123 184 188 247 470
425 184 568 235 IULIANI
587 181 836 235 IMPERATORIS

124 317 250 407 ἀγορᾶς
277 321 314 386 έν
341 324 385 411 τῶ
417 318 510 409 δι’μφ
540 315 596 385 διά
619 322 686 386 τῶν
710 320 836 386 ἱκανῶν
857 315 898 384 τὰ
920 321 1061 387 τοιαῦτα
1084 345 1137 405 χα-

123 432 343 514 ριεντίζεσδαι
367 430 521 493 πολιτῶν.
568 418 606 492 εὖ
628 424 692 513 γὰρ
716 434 802 510 ίστε,
825 425 946 505 πάντες
970 428 1005 494 οί
1026 425 1139 511 λέγον-

122 561 177 613 τες
200 536 394 600 κοινοῦνται
417 532 500 619 πρὸς
522 529 601 612 τοὺς
625 528 809 611 ἀκούοντας
831 530 911 612 τοὺς
928 533 1063 620 λόγους,
1085 533 1138 598 καὶ

124 637 142 707 ὁ
169 638 230 720 ξὺν
252 635 361 727 ῆδονῆ
384 641 452 705 τῶν
470 641 691 725 βλασφημιῶν
710 634 971 726 ἀκροασόμενος,
994 641 1139 726 μετέχων

80 751 181 833 Βτῆς
205 756 278 834 λ’σης
301 745 428 835 ῆδονῆς
451 742 767 833 ἀπραγμονέστερον
789 748 850 812 τοῦ
873 746 1045 832 λέγοντος,
1073 769 1162 813 τισι-ι

122 853 236 932 νωνός
268 855 335 921 ἐστι
367 856 425 940 τῆς
457 856 572 931 αἰτίας.
617 860 744 940 είρηται
778 842 841 919 οὖν
873 849 954 938 ὑμῖν
985 848 1030 919 δι’
1062 849 1141 939 ὅλης

122 960 178 1026 καὶ
202 957 363 1048 ῆιιρόαται
385 961 443 1046 τῆς
466 957 593 1037 πόλεως
616 955 724 1026 ὁπόσα
748 961 794 1038 είς
811 958 947 1026 τουτονὶ
965 960 1140 1027 πέπαικται

80 1125 83 1129 .
121 1064 182 1133 τὸν
212 1071 346 1151 φαῦλον
368 1064 513 1151 πῶγωνα
540 1064 595 1131 καὶ
617 1061 678 1132 τὸν
703 1061 805 1132 οὐδέν
827 1064 1037 1145 ἐπιδείξαντα
1060 1062 1141 1152 ὑμίν

122 1171 229 1240 καλὸν
253 1171 333 1240 οὐδὲ
356 1171 562 1251 έπιδείξοντα
584 1169 720 1255 τρόπον.
749 1167 871 1260 οὐγὰρ
892 1171 1045 1251 ἐπιδείξει
1064 1176 1141 1257 βίον

122 1275 215 1366 ὑμῖν,
239 1275 358 1346 ὁποῖον
380 1274 476 1364 ὑμεῖς
498 1273 549 1343 ἀεὶ
572 1276 634 1363 μὲν
659 1280 741 1364 ζῆτε,
763 1285 899 1345 ποθεῖτε
922 1275 959 1344 δὲ
980 1273 1068 1366 ὁρᾶν
1085 1279 1139 1346 καὶ
1152 1301 1171 1341 ιι

123 1387 161 1453 ἐν
184 1398 254 1463 τοῖς
277 1382 447 1470 ἀρχονσιν.
492 1382 575 1471 ὑπὲρ
599 1384 661 1469 μὲν
684 1383 726 1472 δῆ
750 1387 817 1452 τῶν
839 1387 1078 1471 βλασφημιῶν,
1103 1381 1140 1465 ἃς

84 1495 194 1579 οίδίηι
221 1516 256 1556 τε
284 1490 339 1555 καὶ
367 1492 512 1578 δημοσία
534 1491 709 1576 κατεχέατέ
729 1516 796 1577 μον
817 1495 988 1572 παίζοντες
1011 1492 1050 1559 έν
1072 1505 1139 1570 τοῖς

122 1595 349 1680 ἀναπαίστοις,
374 1597 518 1682 ἐμαυτοῦ
539 1596 858 1685 προσαατηνορῆσας
875 1594 957 1685 ὑμῖν
977 1598 1137 1687 ἐπιτρέπω

123 1710 268 1794 χρῆσθαι
307 1701 387 1790 μετὰ
419 1708 568 1790 μείζονος
601 1700 690 1795 αὐτῷ
723 1711 924 1793 παρρησίας,
961 1701 1006 1785 ῶς
1038 1702 1138 1774 οὐδὲν

121 1811 209 1898 ὑμᾶς
236 1808 312 1898 ἐνόν
330 1807 385 1878 διὰ
413 1813 514 1878 τοῦτο
537 1809 668 1878 πῶποτε
692 1808 808 1885 δεινὸν
831 1809 1012 1899 ἐργάσομαι
1037 1812 1138 1898 σφάτ-
1149 1828 1168 1872 1⁵

122 1946 190 1986 των
218 1913 238 2005 ῆ
261 1917 395 1985 τύπτων
422 1911 442 2002 ῆ
468 1920 538 1983 δῶν
565 1911 585 2002 ῆ
610 1913 795 1984 ἀποκλείων
823 1911 844 2003 ῆ
867 1915 1026 1998 κολάζων.
1071 1922 1138 1998 πῶς

122 2028 202 2115 γάρ;
240 2023 293 2109 ὅς,
326 2025 457 2107 ἐπείπερ
489 2021 571 2109 ὑμίν
598 2020 744 2110 ε’μαντδν
771 2024 935 2104 ἐπιδείξας
962 2024 1044 2111 μετὰ
1072 2029 1138 2094 τῶν

122 2140 233 2219 φίλων
253 2132 507 2219 σωφρονοῦντα,
530 2116 743 2213 φαυλότατον
763 2134 850 2197 ἰδεῖν
867 2126 950 2216 ὑμῖν
967 2131 1025 2197 καὶ
1044 2127 1138 2218 ἀηδέ-

71 2255 104 2308 ΔΙ)
123 2260 261 2322 στατον,
286 2232 389 2303 οὐδὲν
412 2236 559 2315 ἐπέδειξα
581 2233 685 2303 καλὸν
708 2238 831 2323 θέαμα,
854 2241 1055 2324 μεταστῆναι
1078 2238 1139 2326 τῆν

122 2345 222 2414 πόλιν
245 2349 374 2431 ἔγνωκα
396 2342 452 2410 καὶ
475 2339 701 2430 ὑποχωρῆσαι,
724 2344 940 2431 πεπεισμένος
957 2343 1021 2433 μὲν
1041 2342 1169 2414 odda-²⁰

112 2455 203 2539 ·μῶς,
227 2448 278 2518 ότι
302 2449 432 2528 πάντως
456 2449 593 2527 ἐκείνοις
616 2445 733 2537 ἀρέσω,
756 2446 839 2538 πρὸς
862 2446 922 2530 οὓς
943 2451 1139 2540 πορεύομαι,

122 2563 250 2646 κρίνων
270 2551 301 2622 δ’
323 2553 553 2644 αίρετῶτερον,
573 2559 604 2622 εί
621 2554 836 2644 διαμάρτοιμι
858 2559 920 2624 τοῦ
939 2556 1035 2639 δόξαι
1053 2562 1139 2646 γοῦν

124 2666 264 2742 ἐκείνοις
280 2672 283 2679 “
298 2659 399 2740 καλὸς
430 2657 595 2746 κάγαθός,
633 2662 670 2728 ἐν
702 2661 793 2747 μέρει
825 2666 1028 2749 μεταδοῦναι
1059 2668 1139 2733 πᾶσι

193 2805 203 2848 1
225 2797 460 2874 χαριεντίζεσθαμ
479 2795 536 2865 VF]
557 2796 774 2864 χαριεντίζεσθε
842 2792 932 2851 Mer
949 2798 1023 2850 MbF
1050 2804 1055 2860 Ι
1082 2800 1138 2852 τῶν

123 2885 173 2918 om.
192 2874 272 2917 mart.
291 2873 348 2932 pet.
400 2868 416 2916 5
435 2861 706 2932 απραημονέστερον
725 2860 759 2916 δὲ
778 2861 830 2917 τοῦ
850 2862 906 2933 λεἠ.
926 2866 995 2923 Rsk.
1043 2861 1139 2922 θέαι·

123 2935 258 2999 δείξοντα
277 2936 299 2983 V
315 2933 319 2998 λ
335 2924 405 2999 ὑμῖν
424 2949 475 2984 om.
492 2933 518 2984 V
565 2936 596 2984 12
615 2931 752 3001 δημοσίᾳ]
771 2933 856 3002 κοινῆ
873 2932 962 2998 ml
987 2934 1139 3005 ιιοιτεχέετε

121 3003 160 3066 V,
178 2998 314 3068 κατέχετε
331 3001 402 3051 MbF
442 3002 474 3051 13
492 2992 748 3095 προκατηγορῆσας
766 2999 814 3053 Pe.
845 3001 985 3070 „prium
1022 3010 1140 3059 mentet-

23 3123 26 3129 ,
122 3085 156 3121 ne
178 3069 291 3135 vulgata
316 3086 351 3120 an
372 3084 529 3135 προαατηη.
559 3067 630 3137 (eine
648 3068 703 3135 α).ι
733 3069 800 3120 Rek.
873 3072 906 3122 14
923 3019 1020 3137 αάτῶῆ
1045 3087 1084 3125 το.
1103 3065 1137 3125 τ’

122 3136 309 3215 βλαρφημίας
326 3154 383 3220 μον
401 3140 550 3203 καταχεῖν.
625 3138 657 3188 16
676 3133 735 3189 δῶν
753 3135 819 3188 Oob.
850 3132 934 3190 δίαν.
963 3122 999 3190 εί.
1017 3088 1141 3194 αδδίῖ

124 3209 155 3256 1¹1
173 3222 205 3264 ος
223 3203 299 3270 libri]
317 3222 356 3265 ως
391 3209 424 3258 19
443 3196 653 3272 οάδδνἾΜλιΡ]
673 3193 808 3257 neom
846 3198 983 3271 ἀπέδειξα
994 3205 1036 3258 Pe
1048 3209 1140 3267 mart-l

26 3271 30 3278 '
122 3265 272 3337 ἐπιδείξας
347 3276 379 3324 19
397 3280 426 3326 et
444 3275 477 3324 20
506 3271 685 3340 μεταστῆναι
702 3266 757 3337 τῆν
774 3263 871 3340 πόλιν]
902 3290 966 3338 „ex
983 3275 1141 3329 urbeex·

122 3341 241 3392 cedere
260 3341 412 3393 rariuscule
431 3340 532 3392 dictum
547 3356 599 3425 ρτο
618 3337 670 3408 τῆς
687 3333 830 3400 πόλεως”.
858 3342 927 3397 Rsk.
961 3342 1045 3409 Apud
1062 3342 1140 3397 Arte·

122 3408 255 3460 midorum
272 3412 313 3469 4‚1
341 3405 501 3475 μετανέστη
524 3425 577 3476 την
595 3401 681 3462 πόλιν
704 3409 861 3484 Hereherue
880 3411 1000 3463 eorrexit
1021 3408 1075 3479 τῆς
1091 3402 1140 3465 πό·

123 3477 206 3541 λεως,
228 3477 298 3544 quod
316 3478 408 3530 neseio
426 3494 462 3528 an
479 3476 531 3527 hoc
550 3492 656 3544 quoque
674 3477 736 3528 loco
755 3477 910 3528 faelendum
928 3477 975 3534 eit.
1022 3480 1057 3531 21
1076 3466 1139 3544 σῶς]

123 3536 141 3596 δι
160 3545 184 3596 V
253 3548 284 3594 2⁶2
307 3541 337 3597 δὲ
357 3546 427 3598 VMb
497 3547 530 3596 23
547 3536 683 3611 κάγαθὸς
702 3540 737 3611 V]
757 3541 807 3596 καί
825 3534 940 3611 ἀγαθός
