2370 3908
490 173 626 225 οεευιο
645 173 682 225 11.
1046 171 1089 237 35

70 302 171 370 τοῦτο
199 300 353 388 ἐξέπληξε
371 302 492 380 δεινάς
509 297 571 368 τδν
589 297 772 390 βάρβαρον.
808 297 852 368 οὐ
869 298 936 388 μὴν
959 297 1122 388 άπῆγενῦ

71 404 179 488 εὐθὺς
205 403 270 494 τήν
298 406 471 496 στρατιάν,
499 402 572 475 ἀλλ’
603 397 705 487 αὖθις
731 420 802 487 τοῖς
830 404 945 487 αὐτοῖς
971 410 1088 496 χρῆται

69 518 286 601 παλαίσμασι.
323 511 450 601 δράσας
472 512 510 581 δὲ
529 510 621 599 οἶμαι
649 514 704 581 καὶ
723 510 846 581 παθὼν
874 514 1088 603 παραπλήσια

70 616 179 707 άπήγε
210 616 275 706 τήν
307 616 465 709 στρατιάν
498 616 620 705 ὀπίσω,
657 616 802 700 πολλοὺς
838 618 899 707 μὲν
930 615 996 689 ὑπὸ
1030 623 1088 709 τῆς

48 728 203 806 ιένδείας
235 725 362 813 δήμους
393 722 572 812 άπολίσας,
604 723 710 794 πολλά
742 726 780 794 δὲ
808 723 982 807 ἀναλώσας
1013 728 1087 817 περὶ

70 847 140 913 τοῖς
167 831 298 920 χώμασι
324 833 381 900 καλ
408 835 448 920 τῇ
474 839 650 921 πολιορκίᾳ
679 831 824 918 σώματα,
853 832 1022 922 σατράπας
1050 831 1088 900 δὲ

71 935 202 1008 άνελών
229 938 389 1025 συχνούς,
421 936 525 1008 άλλον
552 936 633 1007 άλλο
661 937 911 1025 ἐπαιτιώμενος,
939 937 998 1007 τὸν
1025 938 1122 1026 μὲνῡ

71 1041 122 1114 ὅτι
150 1042 195 1134 μή
224 1047 391 1135 καρτερῶς
422 1047 596 1132 ἐπεποίητο
623 1042 664 1112 τά
691 1044 840 1132 χώματα,
875 1042 939 1126 εἶξε
967 1044 1004 1112 δὲ
1031 1047 1087 1114 καὶ

71 1150 263 1238 ἐπεκλύσθη
290 1149 381 1241 παρά
399 1153 467 1219 τῶν
494 1159 666 1238 ποταμίων
685 1151 870 1239 ῥευμάτων,
897 1149 959 1220 τὸν
983 1151 1020 1219 δὲ
1044 1147 1089 1232 ὡς

37 1257 211 1345 ιοφαάλως
238 1254 493 1345 ἀγωνισάμενον
519 1253 585 1326 ὑπὸ
617 1272 688 1338 τοῖς
714 1264 849 1345 τείχεσι,
882 1259 938 1327 καὶ
965 1256 1088 1339 άλλονς

71 1361 175 1444 άλλας
207 1363 342 1450 ἐπάγων
374 1369 482 1445 αἰτίας
514 1370 667 1432 ἔκτεινεν.
718 1370 787 1433 ἐστι
824 1362 887 1452 γάρ
925 1355 964 1432 εὖ
1000 1364 1087 1451 μάλα

70 1484 142 1551 τοῖς
173 1469 257 1540 κατά
292 1468 355 1558 τήν
384 1466 499 1539 Ἀσίαν
536 1470 719 1559 βαρβάροις
755 1470 904 1558 σύνηθες
937 1473 970 1552 ἐς
1009 1469 1090 1552 τούς

71 1573 244 1665 ὑπηκόους
270 1574 329 1658 τάς
348 1582 455 1657 αἰτίας
477 1581 535 1666 τῆς
554 1583 765 1666 δυσπραγίας
793 1574 1089 1664 ἀποσκευάζεσθαι,

72 1680 90 1752 δ
118 1681 162 1771 δή
190 1685 247 1752 καὶ
272 1683 348 1753 τότε
375 1683 502 1772 δράσας
529 1680 639 1753 άπιώυ
667 1682 778 1776 ᾤχετο.
823 1685 880 1752 καί
908 1682 982 1770 άγει
1005 1683 1089 1774 πρὸς

37 1785 158 1879 σήμᾶς
185 1789 324 1879 εἰρήνην
352 1792 389 1858 ἐκ
415 1790 549 1877 τούτου,
577 1791 633 1859 καὶ
661 1788 739 1859 οὔτε
762 1788 872 1880 ὅρκων
900 1788 978 1860 οὔτε
1006 1811 1086 1860 συν-

69 1899 190 1983 θηκῶν
218 1897 364 1983 ἐδέησεν,
391 1892 504 1985 άγαπᾷ
532 1896 569 1965 δὲ
598 1906 685 1965 οἰκοι
708 1899 829 1984 μεύων,
858 1902 890 1965 εἰ
915 1895 960 1985 μή
988 1918 1086 1988 στρα-
1106 1913 1140 1963 67

68 2001 201 2071 τεύοιτο
230 1999 387 2088 βασιλεὺς
415 1999 466 2070 ἐπ’
497 1999 603 2071 αὐτὸν
630 2004 686 2070 καί
714 2006 814 2090 δίκην
842 2000 998 2090 άπαιτοίη
1025 2006 1088 2071 τοῦ

68 2108 224 2198 θράσους
260 2109 316 2178 καὶ
347 2110 406 2197 τῆς
442 2106 612 2190 ἀπονοίας.
663 2098 728 2197 άρά
760 2136 797 2195 γε
835 2106 930 2189 άξιου
962 2109 1087 2197 ταύτην

69 2222 279 2304 παραβαλεῖν
305 2213 367 2304 τὴν
395 2216 505 2304 μάχην
523 2231 595 2297 ταῖς
622 2211 705 2304 ὑπὲρ
724 2217 793 2284 των
817 2217 906 2283 νεῶν
932 2218 1001 2282 των
1016 2211 1085 2283 Ἑλ-

32 2324 219 2409 ιοληνικῶν
246 2324 382 2392 καὶτοῦ
401 2330 544 2411 τείχους,
573 2318 706 2412 άθρείτε
734 2321 772 2389 δὲ
800 2312 866 2389 τάδε
883 2319 945 2409 τήν
973 2317 1085 2408 ὁμοιό-

69 2453 153 2516 τητα
197 2430 254 2498 καί
293 2427 331 2498 τὸ
373 2428 541 2517 διάφορον
581 2436 761 2516 λογίζεσθε.
816 2423 985 2514 Ἑλλήνων
1025 2427 1086 2515 μὲν

70 2543 197 2603 Αἴαντε
223 2536 280 2602 καὶ
312 2539 347 2603 οί
371 2540 526 2603 Λαπίθαι
557 2536 613 2603 καὶ
641 2532 840 2615 Μενεσθεὺς
866 2536 929 2603 τοῦ
956 2539 1086 2622 τείχους

70 2638 163 2722 εἶξαν
195 2642 252 2709 καὶ
283 2645 452 2731 περιεῖδον
488 2639 547 2722 τάς
578 2640 685 2721 πύλας
722 2642 986 2731 σνντριβομίνας
1021 2637 1083 2728 ὑφ’

62 2744 222 2837 θΙιλιτορος
249 2748 305 2816 καί
331 2750 400 2816 τῶν
427 2747 594 2829 ἐπάλξεων
622 2747 840 2835 ἐπιβεβηκότα
868 2745 928 2816 τὸν
947 2755 1084 2837 Σαρπη-

33 2853 166 2923 ιεδόνα.
213 2857 248 2922 οἰ
274 2852 312 2922 δὲ
340 2851 419 2921 οὐδὲ
448 2855 686 2945 διαρραγέντος
713 2851 906 2941 αὐτομάτως
932 2856 995 2923 τοῦ
1020 2859 1127 2923 πεί-Β

69 2987 152 3047 χους
180 2960 352 3045 ἐνέδοσαν,
381 2957 462 3029 άλλά
491 2964 613 3030 ἐνίκων
631 2960 812 3049 μαχόμενοι
838 2961 896 3029 καὶ
924 2957 1085 3050 ἀπεκρού-

70 3092 150 3136 οντο
169 3071 394 3155 Παρθυαίους
421 3065 484 3146 ξὺν
505 3064 624 3147 Ἰνδοῖς
652 3067 980 3156 ἐπιστρατεύσαντας.
1017 3066 1087 3136 εἶτα

69 3168 88 3241 ὁ
116 3172 179 3261 μὲν
207 3170 323 3260 ἐπιβάς
341 3175 409 3242 τῶν
436 3176 525 3242 νεῶν
553 3171 618 3243 άπὸ
637 3177 705 3242 τῶν
734 3178 852 3262 ἰκρίων
880 3170 990 3259 ὥσπερ
1010 3174 1086 3263 ἐρά-

140 3346 173 3396 10
191 3332 318 3423 ἄλλους]
326 3334 423 3404 ἄλλοις
441 3348 514 3394 cant
568 3346 599 3394 11
617 3336 708 3403 άλλας
721 3336 836 3409 ἐπάγων
849 3340 948 3404 αἰτίας
966 3345 994 3394 Μ
1014 3349 1085 3395 cant

68 3408 110 3480 fl.]
136 3402 241 3471 ἄλλαις
262 3404 377 3477 ἐπάγων
400 3407 510 3470 αἰτίαις
580 3414 611 3463 19
633 3410 815 3493 παραβαλεῖν
831 3409 872 3490 η
888 3403 1087 3490 παραβάλλειν

68 3473 200 3614 &Mos
181 3477 308 3559 λαπίθαι
327 3477 401 3547 VM]
425 3478 560 3531 Λαπίθαι
630 3482 663 3532 23
686 3472 729 3545 ὑφ
734 3472 800 3544 'V]
819 3496 891 3542 προς
959 3481 992 3529 25
1015 3468 1086 3530 οὖδδ

165 3562 201 3598 ον
