2392 3960
491 159 629 212 οεευιο
647 161 709 213 vn.
1037 163 1102 229 295

82 288 206 357 δοῦλοί
220 313 256 355 τε
282 286 338 356 καὶ
357 284 529 376 ἐλεύθεροι
546 293 721 375 μισθωτοί,
749 290 806 358 καὶ
824 289 983 376 βουκόλοι
1007 295 1102 379 βοῶν

82 394 140 464 καὶ
173 395 279 478 αίγῶν
312 391 445 463 αίπόλοι
476 394 532 462 παλ
561 396 767 484 ἱπποφορβοὶ
799 399 867 465 τῶν
894 400 1016 485 ἵππων,
1044 400 1097 467 καλ

82 508 221 569 πλείστα
256 499 411 586 κτήματα.
465 498 595 569 τούτων
632 499 669 568 δὲ
710 497 800 594 αύτῷ
841 501 946 572 πολλά
983 504 1044 592 μὲν
1082 501 1099 575 ὁ

81 603 192 694 πατήρ
220 602 440 692 ἀπολελοίπει,
472 605 703 676 πολλαπλάσια
736 607 774 677 δέ
801 605 903 690 αύτδς
930 609 1100 698 ἐκτήσατο,

48 721 242 786 επλουτείν
273 713 386 781 θέλων
417 713 456 781 ἐν
483 716 559 800 δίκη
591 739 626 780 τε
652 714 709 782 παλ
740 713 831 803 παρὰ
864 720 975 803 δίκην·
1009 723 1101 804 ἔμελε

82 816 149 907 γὰρ
177 814 268 910 αὐτῷ
295 819 351 888 καλ
378 820 447 887 τῶν
472 821 566 888 θεῶν
588 814 718 905 ὀλίγον.
760 822 917 906 ἐγίνοντο
944 821 981 890 δὲ
1009 821 1100 915 αὐτῷ
1120 841 1145 895 D

82 936 241 1012 γυναῖκες
267 925 386 994 πολλαὶ
413 925 470 993 καί
499 923 610 1014 (υίελς)
639 927 675 1006 ἐξ
691 922 805 995 αὐτόν
831 928 886 996 καὶ
904 931 1100 1017 θυγαυέρες,

83 1025 136 1112 οἷς
163 1033 288 1112 ἐκεῖνος
316 1037 488 1118 διανείμας
510 1029 572 1119 τὴν
591 1027 712 1101 ούσίαν
740 1037 851 1102 ἔπειτα
879 1034 1100 1121 ἐπλούτησαν,

83 1134 188 1206 οὐδὲν
221 1132 344 1218 αύτούς
377 1142 571 1225 οίιιονομίας
601 1138 677 1226 πίρι
709 1138 862 1226 διδάξας,
899 1136 975 1209 οὐδ’
1011 1137 1100 1222 ὅπως

36 1276 67 1316 ιο
83 1241 129 1312 ἀν
155 1270 204 1324 τις
236 1243 374 1312 δύναιτο
406 1241 448 1312 τὰ
479 1245 617 1313 τοιαῦτα
648 1247 793 1314 κτᾶσθαι
825 1244 869 1334 μὴ
901 1247 1050 1336 παρόντα
1077 1243 1098 1335 ἢ

81 1349 235 1439 παρόντα
263 1348 507 1437 διαφυλάττειν.
549 1347 630 1441 ηόετο
649 1348 713 1440 γὰρ
732 1347 798 1420 ὑπὸ
818 1349 966 1439 ἀμαθίας
984 1350 1100 1440 ἀρκεῖν

81 1455 123 1525 τὸ
151 1459 295 1543 πλῆθος,
327 1457 397 1525 ἐπεὶ
429 1457 485 1525 καὶ
513 1453 614 1537 αὐτὸς
645 1447 688 1544 ἦν
721 1455 763 1527 ού
794 1458 881 1546 μάλα
913 1459 1100 1547 ἐπωνύμων
1161 1481 1164 1485 ’

81 1564 143 1650 τῆς
169 1563 325 1650 τοιαύτης
351 1564 478 1650 τέχνης,
505 1560 562 1632 ἀτε
589 1561 634 1651 μὴ
661 1563 750 1655 λόγῳ
778 1563 1012 1654 προσειληφὼς
1039 1562 1099 1634 αύ-

81 1668 160 1756 την,
193 1665 275 1737 ἀλλὰ
309 1674 475 1762 συνηθείᾳ
506 1671 572 1737 τινὶ
600 1670 655 1737 καὶ
683 1676 781 1760 πείρᾳ
808 1673 950 1758 μᾶλλον,
983 1669 1152 1760 ὥσπεραεὸ

38 1806 69 1848 ιο
83 1780 122 1845 οἱ
146 1777 272 1863 φαῦλοι
303 1777 371 1844 τόν
404 1777 529 1864 ίατρῶν
555 1777 591 1844 ἐτι
623 1777 681 1863 της
708 1778 876 1866 ἐμπειρίας
908 1776 1016 1864 μόνον
1044 1778 1100 1846 ίιό-

83 1910 179 1970 μενοι
207 1879 286 1962 τοὺς
313 1878 530 1971 ἀνθρώπους,
556 1878 639 1950 ὅθεν
657 1883 713 1951 καὶ
733 1883 909 1969 διαφεύγει
926 1882 976 1952 τάἸ
994 1882 1100 1952 πολλὰ

82 1992 152 2058 τῶν
193 1986 393 2076 νοσημάτων
434 1984 567 2068 αύτούς.
622 1984 736 2076 ἀρκεῖν
777 1979 841 2057 οὖν
882 1995 1023 2076 νομίσας
1062 1988 1100 2058 τὸ

83 2098 217 2182 πλῆθος
241 2097 309 2162 τῶν
336 2095 438 2163 υίέων
461 2091 548 2182 πρὸς
565 2091 603 2162 τὸ
631 2093 777 2181 φυλάξαι
803 2093 865 2182 τὴν
893 2091 1015 2164 ούσίαν
1043 2091 1101 2164 ού-

85 2201 146 2270 δὲν
174 2200 382 2289 ἐρράπισεν,
410 2195 499 2281 ὅπως
526 2205 660 2275 ἐσοντοιι
688 2205 877 2270 σπουδαῖοι.
913 2199 950 2269 τὸ
979 2200 1017 2270 δὲ
1035 2199 1101 2291 ἀρα

38 2338 70 2379 20
84 2304 201 2387 αὐτοῖς
227 2297 304 2395 ἦρξε
331 2309 465 2395 πρῶτον
491 2305 552 2394 μὲν
579 2308 647 2374 τῶν
674 2311 721 2388 είς
749 2303 914 2395 ἀλλήλους
940 2303 1101 2396 ἀδικημά-

84 2440 162 2482 των.
209 2415 384 2501 ἐπιθυμῶν
416 2410 481 2502 γάρ
507 2414 644 2493 ἕκαστος
676 2409 786 2503 ὥσπερ
814 2408 832 2482 ὁ
860 2413 969 2502 πατὴρ
995 2412 1102 2482 πολλὰ

85 2527 173 2607 ἐχειν
200 2521 255 2589 καὶ
283 2519 387 2606 μόνος
404 2518 512 2588 πάντα
539 2521 593 2588 ἐπὶ
616 2516 677 2587 τὸν
698 2520 800 2600 πέλας
818 2519 984 2608 ἐτράπετο.
1020 2521 1138 2602 τέωςΒ

85 2626 148 2714 μὲν
177 2617 240 2694 οὖν
272 2628 371 2694 τοῦτο
400 2625 583 2716 ἐπράττετο.
629 2627 888 2715 προσαπέλαυον
919 2626 957 2695 δέ
984 2627 1041 2695 καὶ
1069 2631 1104 2695 οί

85 2736 270 2818 ξυγγενεῖς,
303 2727 378 2801 οὐδ’
410 2728 507 2802 αὐτοὶ
533 2733 771 2814 παιδευθέντες
798 2735 922 2819 πολύς,
948 2735 1007 2820 τῆς
1033 2735 1102 2800 τῶν

39 2868 70 2909 εσ
85 2844 219 2908 παίδων
247 2835 364 2919 ἀνοίας
391 2866 425 2907 τε
453 2839 509 2907 καὶ
537 2834 692 2927 ἀμαθίας.
730 2837 800 2908 εἶτα
828 2840 1009 2926 ἐπίμπλατο
1038 2837 1101 2926 φό-

85 2973 158 3013 νων
185 2944 303 3030 πάντα,
330 2945 386 3012 παλ
413 2941 592 3034 ἡτραγικλγ
619 2944 746 3034 κατάρα
769 2941 915 3013 ἀπὸτοῦ
943 2950 1103 3032 δαίμονος

86 3125 366 3246 ναταβουκολέοντο
422 3121 642 3180 4ἀπελελοίπει
659 3125 699 3246 HJ
719 3118 904 3180 ἀπολελοίπει
974 3124 1101 3193 mmm]

173 3201 230 3261 pet.
300 3190 531 3280 λυίειςΗ1...
542 3196 611 3278 ‘Vh
623 3198 680 3248 παι
700 3212 729 3255 ες
748 3213 774 3275 v,
792 3189 853 3248 νίολ
872 3195 940 3247 Oob.
1010 3188 1104 3246 8ἐτε-

88 3257 229 3341 λευτηοεν
247 3260 283 3329 V]
303 3256 469 3328 ἐτελεύτησε
555 3232 713 3345 9omoeV
745 3253 820 3314 ὅπου
906 3265 938 3314 12
957 3254 1046 3321 αύτὸς
1065 3259 1102 3327 Η]

86 3349 173 3391 ουτος
245 3333 275 3381 16
289 3337 316 3381 et
330 3333 361 3382 17
386 3322 594 3414 διμφεύγει-
613 3323 720 3391 αυτούς
754 3332 882 3382 Imitatur
900 3331 973 3383 Plat
993 3330 1103 3381 Obarm.

87 3400 173 3452 1563
243 3401 276 3451 23
281 3393 522 3478 προσαπέλοιυον
541 3395 640 3466 Wytt]
659 3394 880 3465 προσαπέλαβον
949 3401 982 3448 25
987 3390 1105 3472 ἀνέχε-

87 3468 160 3518 σθαι
185 3470 248 3532 post
272 3459 403 3533 ἀμαθίας
425 3466 508 3532 vulgo
533 3465 655 3517 additum
674 3465 775 3518 delevit
792 3468 881 3532 Wytt.
915 3465 919 3530 Ι
952 3457 1050 3530 φόνων
1068 3462 1103 3531 V]

87 3528 182 3601 φόνου
