2392 3960
109 163 151 227 30
407 167 550 219 IULIANI
573 163 822 216 ΙΜΡεαεΤοεεε

108 295 148 381 τῆ
176 299 328 383 βασιλείᾳ
355 293 577 380 τρεφόμενον,
610 288 733 361 ἁλόντα
761 289 939 379 πρότερον,
971 289 1027 356 καὶ
1054 291 1123 357 τών

19 474 32 499 v
109 395 193 486 ἀμφ’
224 396 328 468 αὐτὸν
346 408 555 487 παμπληθεῖς
583 395 899 485 ξυνδιαφθειράσης.
936 393 1066 475 τούτοις
1086 393 1123 464 δὲ

109 501 211 573 ἀπασι
240 506 423 594 δρωμένοις
438 501 468 574 ,δ
497 505 558 594 μὲν
580 508 648 573 τών
671 504 853 594 βαρβάρων
880 497 1013 591 ῆχεμών
1041 497 1123 571 οὐδὲ

108 609 192 698 δναρ
224 615 348 701 παρῆν·
385 608 467 680 οὐδὲ
500 610 563 699 γὰρ
596 614 710 698 ἐπέσχε
741 607 803 697 τῆν
836 607 951 696 φυνῆν
986 609 1068 695 πρὶν
1101 603 1122 696 ῆ

55 733 88 781 25
107 715 190 785 κατά
218 718 328 787 νώτου
355 717 416 787 τὸν
434 716 584 806 ποταμὸν
612 716 802 805 ἐποιῆσατο·
831 712 931 796 αὐτὸς
950 714 987 785 δὲ
1014 716 1147 804 διέμε-5

107 851 163 905 νες
191 826 228 892 ἐν
254 839 325 906 τοῖς
352 822 466 905 ὅπλοις
490 821 535 893 δι’
566 821 644 912 ὅλης
671 819 795 912 ῆμίρας
813 824 868 890 καλ
896 818 1017 903 νυκτὸς
1036 819 1121 893 ἀπά-

108 950 177 1017 σης,
206 933 419 1018 σνμμετέχων
437 930 498 1017 μὲν
516 946 586 1011 τοῖς
603 932 763 1020 κρατοῦσι
782 932 849 997 τών
868 925 1121 1019 ἀγωνισμάτων,

106 1050 176 1116 τοῖς
206 1039 350 1105 πονοῦσι
383 1036 420 1104 δὲ
452 1039 607 1126 ἐπαρκῶν
634 1034 690 1104 διά
721 1036 857 1122 ταχέων.
903 1030 968 1104 ὑπὸ
998 1035 1036 1104 δὲ
1062 1039 1122 1125 τῆς

108 1139 264 1230 ἀνδρείας
291 1143 347 1210 καὶ
373 1145 431 1229 τῆς
459 1140 620 1231 εὐψυχίας
652 1148 698 1223 εἰς
725 1145 888 1211 τοσοῦτον
915 1139 975 1211 τὸν
1003 1139 1120 1229 ἀγῶνα

107 1250 319 1336 μετέστησας,
352 1245 436 1316 ώστε
468 1247 592 1329 αὐτοὺς
628 1249 689 1336 μὲν
725 1249 778 1316 ἐπὶ
814 1245 876 1336 τῆν
913 1244 1025 1317 αύτών
1062 1253 1120 1339 τῆς
1134 1267 1158 1306 1⁰

105 1349 229 1443 ἡμέρας
248 1355 470 1442 ἐπιλαβούσης
488 1352 639 1442 ἀσμένως
663 1352 904 1441 ἀποσώζεσθαι,
933 1351 1120 1443 ἀναχωρεῖν

107 1458 144 1527 δὲ
164 1462 199 1528 ἐκ
217 1463 275 1548 τῆς
293 1461 408 1548 μάχης,
437 1463 601 1549 ἑπομένου
621 1482 694 1548 σου,
722 1458 875 1541 καὶτοὺς
902 1467 1119 1551 τραυματίας·

64 1563 195 1634 Βούτα
223 1564 260 1634 τὸ
289 1568 364 1646 δέος
395 1569 498 1635 πᾶσιν
526 1564 650 1656 ἀνῆκας
677 1570 735 1655 τῆς
763 1570 882 1654 φυχῆς.
927 1581 1027 1636 ποίου
1056 1561 1120 1638 οὖν

105 1668 173 1758 ῆλω
202 1673 383 1761 φρούριον;
416 1679 466 1752 τίς
498 1673 534 1741 δὲ
562 1673 786 1761 ἐπολιορκῆθη
818 1673 928 1756 πόλις;
960 1679 1053 1755 τίνος
1082 1677 1120 1744 δὲ

105 1773 292 1866 ἀποσκευῆς
325 1783 360 1846 οί
388 1779 540 1866 πολέμιοι
576 1779 798 1868 κρατῆσαντες
831 1784 930 1866 ἔσχον
962 1776 1017 1867 ἐφ’
1052 1779 1118 1874 ὅτῳ
1134 1798 1158 1838 1⁵

105 1884 334 1970 σεμνύνονται
371 1882 451 1972 μετὰ
487 1883 547 1953 τὸν
582 1885 742 1974 πόλεμον;
780 1881 851 1953 ἀλλ’
888 1895 981 1972 ίσως,
1019 1886 1120 1975 φῆσει

103 2016 167 2076 τις,
194 1989 231 2059 τὸ
259 1991 422 2078 μηδέποτε
449 1994 517 2060 τών
544 1998 711 2080 πολεμίων
743 1983 844 2118 ῆττρν
862 1997 989 2078 ,ἔχοντα
1017 1989 1117 2063 ἀπελ-

103 2106 181 2165 θειν
213 2094 347 2184 εύτυχες
379 2099 435 2166 καὶ
467 2094 678 2186 εύδαιμον
661 2113 749 2184 ηγει,
781 2095 818 2166 τὸ
851 2097 888 2165 δε
920 2096 1117 2187 ἀντιστῆναι

103 2204 143 2290 τῆ
179 2202 262 2291 τύχη
300 2204 557 2293 ρωμαλεώτερον
596 2206 624 2291 [,
653 2201 690 2290 ὃ]
724 2205 780 2272 καὶ
812 2210 962 2291 μείζονος
998 2202 1116 2295 ἀρετῆς

103 2303 244 2398 ὑπάρχει
272 2325 419 2398 σημεῖον.
459 2317 509 2390 τίς
536 2337 597 2397 μεν
616 2308 679 2399 γὰρ
708 2307 837 2395 ἀγαθὸς
855 2311 1095 2400 κυβερνῆτης’
1078 2340 1117 2381 εν
1130 2328 1157 2370 ²⁰

102 2411 200 2505 εύδίηι
218 2414 280 2502 τῆν
298 2420 386 2484 ναῦν
412 2415 645 2502 κατευθύνων,
673 2416 819 2503 χαλῆνης
837 2413 996 2506 ἀκριβοῦς
1022 2447 1116 2488 κατε-

63 2519 225 2608 Οχούσης
256 2519 293 2588 τδ
326 2523 482 2606 πέλαγος;
515 2528 564 2603 τίς
596 2521 633 2590 δὲ
665 2518 800 2609 ῆνίοχος
831 2520 976 2610 ἀρματος
1009 2520 1118 2607 δεξιὸς

102 2628 139 2693 ἐν
168 2621 280 2718 ὁμαλῷ
307 2629 363 2695 καὶ
386 2633 463 2719 λείῳ
491 2635 601 2720 χωρίῳ
629 2626 796 2709 εὐπειθεῖς
823 2631 878 2697 καὶ
905 2630 1033 2721 πράους
1059 2633 1116 2700 καὶ

101 2747 210 2820 ταχεῖς
237 2736 359 2815 ἵππους
387 2734 589 2822 ζευξάμενος,
617 2733 687 2803 εἶτα
716 2737 752 2802 ἐν
770 2734 901 2817 τούτοις
928 2736 1114 2806 ἐπιδεικνύ·

190 2999 506 3094 θξυνδιαφθειράσης
534 3005 575 3073 V]
604 3007 769 3072 συνδιαφθ
859 3012 875 3060 5
902 3002 935 3058 δὲ
961 3003 1059 3086 ἔμενες
1088 3013 1113 3059 V

101 3076 114 3122 7
142 3066 347 3155 ἀγωνισμάτων
370 3072 489 3142 Ρελ.]’
470 3095 488 3128 α
510 3075 635 3127 ωνιστιόν
703 3079 718 3127 9
742 3083 770 3127 οι
794 3080 825 3128 10
853 3072 894 3135 είς
917 3074 1035 3126 τοσοῦτο
1059 3069 1112 3127 τὸν

100 3131 199 3205 ἀγῶνα
217 3137 391 3209 μετέστησας
403 3145 482 3207 Wytt
459 3093 550 3209 ῆ
524 3159 564 3202 εις
582 3142 718 3195 τοσοῦτον
731 3136 829 3211 ἀγῶνα
846 3137 1022 3209 κατέστησας
1080 3147 1113 3196 10

100 3249 170 3309 ὥστε
190 3249 297 3318 αύτούς
315 3256 399 3326 Η]”
375 3231 539 3321 ωστεαάοδς
557 3262 588 3324 V,
608 3252 678 3314 ἀστε
690 3255 774 3341 miss.
776 3278 794 3312 v
846 3264 877 3311 11
896 3253 1038 3341 ἀσμένους
1056 3263 1084 3314 Η
1106 3263 1108 3328 λ

98 3321 301 3409 ἀποσώζεσθαι
319 3326 387 3394 VM]
408 3300 614 3407 ἀποσώζεσθαι
680 3334 712 3381 13
733 3329 821 3380 πᾶσιν
839 3318 919 3396 V]
900 3344 1009 3381 απασιν
1078 3335 1112 3382 14

99 3388 329 3476 ἕξεπολιορκῆθη
351 3397 378 3447 Η
465 3399 495 3447 16
525 3389 722 3480 σεμνύνονται
745 3394 812 3463 pet]
840 3389 1041 3479 σεμνύνονται
1073 3400 1109 3451 ef

98 3463 165 3513 281>
235 3457 300 3514 18
285 3467 364 3531 ηχεῑ,
382 3459 468 3517 τὸδὲ
488 3459 658 3532 Cobetus]
642 3470 742 3533 ηχειτο
761 3461 793 3517 δὲ
812 3465 882 3530 VM,
900 3457 970 3533 ῆρχ,
989 3460 1021 3518 ιδ
1041 3461 1111 3519 &zv

99 3534 129 3583 19
149 3521 164 3582 ὸ
184 3531 237 3583 del.
256 3531 322 3584 Rsk.
392 3536 425 3584 24
444 3527 690 3599 ἀποδεικνύμενος
708 3535 733 3584 V
