2392 3960
317 174 572 226 FRAGMENTUM
589 136 802 228 εειεεοιεε,
1005 171 1068 236 373

53 303 109 371 καὶ
138 300 267 371 τούτων
290 307 521 392 μεταδίδομεν,
550 305 585 372 οί
609 316 679 383 τοῖς
697 298 892 390 ἀνθρώποις
912 298 954 369 οὐ
972 326 1067 388 μετα-

54 408 214 489 διδόντες.
264 415 299 476 τί
331 409 370 477 δὲ
405 412 472 478 τάν
509 413 700 477 θαλαττίων
737 413 833 499 σίτῳ,
864 413 899 475 τί
928 406 965 476 δέ
1001 409 1069 476 τῶν

53 520 219 603 χερσαίων
246 529 316 596 τοῖς
343 517 380 582 έν
407 518 447 604 τῇ
474 515 622 603 θαλάττῃ
655 515 792 603 χρῆται;’
819 511 947 603 χρυσὸν
975 511 1068 582 οῦπω

53 623 139 707 λέγω
176 623 232 689 καὶ
263 619 387 709 χαλκὸν
419 623 475 690 καὶ
507 627 664 709 σίδηρον,
702 614 753 700 οἷς
789 623 892 688 πᾶσιν
925 623 960 688 οί
992 621 1069 689 θεολ

28 726 261 808 ὁζαπλοῦτους
291 724 377 815 ἡμᾶς
409 730 585 816 ἐποίησαν,
618 724 682 815 οῦχ
708 730 765 794 ἵνα
794 723 924 807 όνειδος
957 723 1070 795 αὐτῶν

54 829 263 922 περιορῶμεν
289 838 570 923 περινοστοῦντας
601 831 681 914 τοῦς
712 834 870 920 πένητας,
898 829 1005 912 άλλως
1031 849 1123 901 τε290

55 937 137 1007 όταν
175 941 231 1008 καὶ
268 943 418 1022 ἐπιεικεῖς
452 967 540 1021 τινες
575 939 701 1028 τύχωσι
736 936 797 1007 τὸν
832 936 1038 1027 τρόπον,ο
1020 933 1071 1019 οἷς

54 1049 207 1137 πατρῷος
239 1045 300 1133 μὲν
337 1050 457 1136 κλῦρος
490 1043 532 1115 οὐ
564 1040 773 1132 γέγονεν,“
756 1044 821 1114 υπὸ
855 1044 893 1114 δέ
930 1054 1068 1172 μεγαλο-

54 1158 141 1239 ψυχί
139 1180 178 1232 ας
196 1150 328 1244 ἥκιστα
334 1155 579 1239 ἐπιθυμοῦντες
596 1151 774 1282 χρημάτων
792 1151 960 1221 πένονται.
991 1151 1070 1220 τοῦ

16 1281 40 1320 10
54 1285 135 1338 τους
172 1253 316 1346 ὁρῶντες
353 1263 388 1327 οί
422 1260 539 1328 πολλοὶ
576 1257 657 1339 τοὺς
694 1255 798 1338 θεοὺς
840 1255 1070 1339 ὀνειδίζουσιν.

56 1373 157 1432 αἴτιοι
191 1363 228 1432 δὲ
259 1367 336 1433 θεοὶ
363 1364 424 1452 μὲν
456 1362 519 1434 οῦκ
547 1366 612 1433 είσὶ
643 1368 702 1452 τῆς
728 1363 859 1433 τούτων
886 1368 1017 1451 πενίας,
1049 1359 1070 1451 ἡ

56 1470 93 1537 δὲ
121 1466 217 1557 ἡμῶν
244 1473 312 1538 τῶν
339 1473 548 1559 κεκτημένων
567 1468 731 1558 ἀπληστία
758 1471 814 1539 καὶ
838 1484 907 1551 τοῖς
935 1466 1070 1558 ἀνθρά-

10 1661 12 1665 .
55 1602 131 1656 ποις
158 1571 243 1665 ὑπὲρ
270 1579 338 1645 τεόν
364 1579 458 1646 θεῦν
486 1574 549 1646 οῦκ
577 1573 727 1665 ἀληθοῦς
754 1571 952 1664 ὑπολήψεως
980 1581 1071 1644 αίτία

56 1689 183 1768 γίνεται
215 1684 271 1750 καὶ
297 1684 434 1773 προσέτι
461 1698 531 1764 τοῖς
557 1693 651 1764 θεοῖς
683 1679 837 1763 ὀνείδους
865 1679 993 1751 ἀδίκου.
1038 1686 1111 1750 τίΒ

10 1787 121 1875 ·15γάρ
150 1785 371 1876 ἀπαιτοῦμεν,
403 1792 460 1857 ἵνα
488 1787 616 1878 χρυσὸν
648 1785 758 1877 ὥσπερ
790 1803 861 1868 τοῖς
884 1783 1025 1871 Ῥοδίοις
1052 1782 1085 1858 όΙ

11 1918 14 1923 ·
55 1893 137 1975 θεὸς
164 1891 230 1981 ῦση
257 1909 327 1976 τοῖς
354 1896 509 1984 πένησιν;
543 1892 625 1963 ἀλλὰ
652 1899 684 1962 εί
714 1894 770 1962 καὶ
797 1896 897 1962 τοῦτο
929 1897 1071 1982 γένοιτο,
1152 1915 1156 1923 ’

55 1998 182 2088 ταχέως
216 1996 309 2088 ἡμεῖς
342 1997 601 2088 ὑποβαλόμενοι,
626 1999 706 2080 τοὺς
738 2000 866 2080 οἰκέτας
901 2002 958 2067 καὶ
990 2027 1070 2091 προ·

10 2120 12 2125 ’
55 2108 173 2187 θέντες
199 2111 372 2194 πανταχοῦ
398 2102 438 2177 τά
467 2104 584 2194 ἀγγεῖα
610 2105 737 2186 πάντας
764 2101 986 2194 ἀπελάσομεν,
1014 2110 1071 2177 ίνα
1114 2108 1135 2121 ’“

56 2213 156 2299 μόνοι
183 2212 224 2280 τά
251 2211 349 2282 κοινά
367 2217 436 2281 τῶν
463 2217 555 2282 θεάν
575 2207 776 2302 άρπάσωμευ
800 2213 901 2301 δῶρα.
937 2214 1070 2302 θαυμά-

10 2328 43 2379 ³20
57 2339 126 2386 σειε
154 2315 185 2387 δ’
216 2317 259 2387 ἀν
285 2346 335 2400 τις
364 2320 507 2403 εἰκότως,
535 2324 567 2388 εί
592 2321 690 2388 τοῦτο
719 2317 780 2406 μέν
808 2314 965 2406 ἀξιοῦμεν
993 2318 1071 2389 οὔτε
1154 2358 1158 2365 =

56 2423 207 2512 πεφυκὸς
234 2431 390 2511 γίνεσθαι
421 2428 478 2495 καὶ
506 2422 695 2505 ἀλυσιτελὲς
721 2424 845 2512 πάντη,
872 2422 912 2492 τὰ
940 2425 1070 2495 δυνατά

56 2530 94 2599 δέ
122 2529 167 2619 μὴ
195 2531 388 2620 πράττομεν.
433 2538 484 2627 τίς
510 2530 575 2621 γὰρ
603 2534 639 2600 ἐκ
665 2533 727 2598 τοῦ
755 2530 973 2619 μεταδιδόναι
1000 2539 1104 2614 τοῖςΟ

10 2680 15 2689 -
56 2640 157 2718 πέλας
184 2637 312 2723 ἐγένετο
345 2639 462 2727 πένης;
495 2637 559 2725 ἐγώ
586 2665 639 2706 τοι
670 2636 828 2718 πολλάκις
858 2651 929 2718 τοῖς
957 2642 1069 2727 δεομέ-

57 2771 129 2824 νοις
156 2745 339 2832 προέμενος
366 2745 554 2833 ἐκτησάμην
587 2741 671 2813 αῦτά
698 2741 777 2834 παρ’
808 2738 922 2814 αῦτῦν
949 2754 1071 2814 πολλα-

10 2853 44 2943 ,25
57 2850 180 2918 πλάσια
212 2856 330 2940 καίπερ
363 2847 412 2920 ἀν
449 2854 578 2939 φαῦλος
610 2850 846 2940 χρηματιστής,
883 2853 938 2920 καὶ
976 2847 1071 2920 οῦδέ-

10 3018 16 3057 ·.
57 2959 139 3025 ποτέ
164 2984 220 3043 μοι
248 2958 442 3045 μετεμέλησε
460 2945 648 3049 προεμένῳ.
685 2958 741 3025 καὶ
768 2953 809 3024 τά
836 2956 897 3042 μὲν
924 2960 989 3026 νῦν
1009 2954 1073 3027 οῦκ

10 3216 17 3249 .·
125 3200 186 3248 9et
207 3201 237 3248 10
255 3193 374 3257 τούτους
392 3194 448 3280 γάρ
467 3191 588 3279 ὁρῶντες
606 3198 674 3251 Rsk.
756 3200 787 3248 15
799 3191 939 3277 Ροδίοις]
958 3197 1072 3250 Pindar.

10 3262 18 3281 ³
58 3265 102 3317 01
123 3267 147 3328 7,
166 3268 199 3316 49
218 3265 272 3330 (90)
343 3269 373 3317 17
392 3217 606 3353 ὑποβαλόμενοι
625 3264 702 3333 Cob.]
720 3256 950 3346 δποβαλλόμενοι
970 3263 1072 3329 Ιπροσ-

57 3301 161 3391 θέντές
179 3334 203 3382 V
288 3336 321 3384 20
344 3327 502 3401 ἀξιοῦμεν]
516 3333 652 3414 ἀξιοῖμεν
669 3335 697 3384 Η
765 3335 799 3383 22
822 3327 985 3399 πράττομεν
1003 3332 1071 3382 Rsk.

56 3399 84 3449 H
103 3397 185 3481 Opb]
211 3396 383 3481 πράττωμεν
468 3405 502 3454 23
530 3394 624 3454 πολλά
653 3392 792 3460 πολλάκις
820 3399 971 3450 Horkelius
1039 3402 1073 3450 24

10 3510 15 3521 .
57 3484 115 3532 παρ
148 3465 261 3536 αυτῶν]
287 3461 366 3535 παρά
388 3467 468 3522 θεῶν
490 3471 525 3520 Η.
561 3471 585 3520 Α
605 3472 654 3520 diis
671 3467 851 3521 immortalibus
873 3467 1073 3533 interpretatur

10 3532 18 3589 ἶ,
57 3538 119 3586 Pet.
