2370 3908
121 160 184 223 416
424 158 568 210 111me
588 144 834 209 ιιιεειεινοιωσ

123 286 165 357 οὐ
197 287 332 375 μικρόν,
365 282 409 366 άς
441 283 559 371 οἶσθα,
591 287 690 353 τοῦτο
724 279 897 373 άμάρτημα
930 287 1135 373 στρατηγοῦ·

122 396 178 463 καὶ
211 392 296 481 μάχη
333 390 515 480 συμβαλὼν
546 387 701 479 ἡττήθης.
747 395 778 458 εί
804 389 841 460 δὲ
868 390 1047 478 Πομπήιος
1079 386 1133 461 ὑπ’

123 496 320 588 ἀφροσύνης
347 524 382 567 τε
413 499 468 566 καὶ
502 494 619 577 άνοίας
646 492 666 584 ή
694 500 756 566 τοὺ
788 494 831 585 μή
865 495 1039 566 δύνασθαι
1071 500 1136 567 τῶν

122 608 268 674 πολιτῶν
296 602 410 693 άρχειν
429 602 517 690 οὔτε,
544 599 643 690 ήνίκα
662 608 731 672 έδει
756 609 883 692 τρίβειν
900 599 962 672 τόν
979 603 1136 692 πόλεμον,
1177 618 1181 627 “

123 709 335 800 ὑπερετίθετο
363 709 425 799 τήν
452 710 561 798 μάχην
580 706 657 779 οὑτε
684 712 789 778 νικῶν
809 708 954 799 ἐπεξῄει,
982 705 1051 779 ὑπὸ
1070 724 1158 791 τοῑςι

79 824 259 900 Βοίκείοις
292 813 501 906 ἁμαρτήμασι
532 818 588 886 καὶ
618 813 679 903 οὑχ
706 811 771 886 ὑπὸ
800 830 871 897 τοῖς
902 830 976 898 σοῖς
1008 816 1135 905 ἐσφάλη

123 924 379 1014 στρατηγήμασι.
415 926 544 1011 Πέρσαι
563 923 600 992 δὲ
618 924 791 1010 πανταχοῦ
809 925 917 1003 καλῶς
940 923 997 992 καὶ
1015 930 1135 1013 φρονί

122 1060 191 1120 μως
217 1031 522 1120 παρεσκευασμένοι
545 1026 631 1117 πρὸς
655 1026 717 1116 τήν
744 1023 905 1118 ἡμετέραν
932 1025 1040 1117 άλκήν
1070 1029 1136 1099 ἐνέ-

123 1142 238 1206 δοσαν.
285 1137 354 1205 ἐπεὶ
382 1136 419 1204 δὲ
452 1133 494 1204 οό
520 1139 582 1204 τοῦ
613 1134 769 1224 πράττειν
801 1130 927 1221 ἁπλῶς,
964 1132 1050 1205 άλλά
1082 1137 1136 1205 καὶ

122 1247 184 1313 τοὺ
210 1241 252 1311 τά
279 1247 391 1311 δίκαια
422 1241 577 1330 πράττειν
605 1239 714 1329 άνδρα
746 1239 883 1330 άριστον
914 1242 971 1311 καὶ
998 1243 1136 1330 βασιλέα
1147 1269 1167 1310 ιι

122 1349 283 1439 προσήκει
311 1358 573 1435 μεταποιεῖσθαι,
602 1345 666 1434 ἐγω
695 1347 755 1436 μεν
773 1343 857 1437 ὑπὲρ
875 1350 945 1417 των
968 1343 1136 1436 Ἑλλήνων

122 1454 201 1536 τοὺς
233 1457 366 1543 Πέρσας
397 1450 549 1542 άπήτησα
582 1459 696 1541 δίκην,
728 1455 784 1523 καί
815 1453 895 1536 τοὺς
922 1449 1136 1542 Ἑλληνικοὺς

123 1563 288 1649 πολέμους
329 1559 570 1647 ἐπανειλόμην,
617 1557 694 1648 οόχὶ
733 1558 796 1648 τήν
831 1555 972 1629 Ἑλλάδα
1018 1569 1136 1631 λυπεῖν

124 1667 338 1755 βουλόμενος,
366 1663 448 1735 άλλά
475 1664 554 1746 τοὺς
581 1666 773 1748 κωλάοντάς
796 1694 836 1755 με
863 1671 1056 1755 διαβαίνειν
1083 1669 1135 1737 καὶ

71 1779 224 1854 σκιδίκας
251 1770 403 1841 ἀπαιτεῖν
429 1770 489 1841 τὸν
513 1773 649 1863 Πέρσην
681 1772 876 1842 ἐπικόπτων.
921 1770 966 1841 σὺ
993 1773 1033 1842 δὲ
1059 1772 1166 1855 τοὺςσ

125 1877 319 1967 Γερμανοὺς
364 1880 419 1947 καὶ
463 1879 613 1960 Γαλάτας
653 1881 940 1969 κατεπολέμησας,
980 1881 1037 1951 ἐπὶ
1077 1878 1136 1969 τήν

124 1990 267 2075 πατρίδα
286 1982 348 2073 τήν
368 1987 511 2054 σεαυτοί
530 1985 870 2073 παρασκευαζόμενος,
899 1976 942 2055 οὑ
958 1991 995 2053 τί
1011 1982 1134 2073 γένοιτ’

124 2089 167 2161 άν
199 2106 312 2180 χεῖρον
343 2087 364 2178 ή
396 2090 616 2180 μιαράτερον;
649 2092 718 2160 ἐπεὶ
751 2091 789 2160 δὲ
821 2088 932 2183 ὥσπερ
964 2092 1137 2184 διασύρων

123 2202 191 2266 τῶν
228 2204 358 2287 μυρίων
395 2197 643 2285 έμνημόνευσας
680 2200 855 2287 Γραικῶν,
895 2195 946 2268 ὅτι
982 2198 1047 2287 μὲν
1083 2200 1138 2271 καὶ

124 2301 220 2392 ὑμεῖς
248 2306 407 2373 ἐντεῦθεν
434 2303 593 2390 γεγόνατε
621 2305 676 2373 καί
694 2301 735 2373 τά
753 2313 889 2374 πλεῖστα
916 2307 975 2392 τῆς
999 2303 1169 2388 Ἰταλίαςν

125 2409 260 2502 ᾤκησαν
293 2413 329 2479 οἱ
359 2416 517 2499 Γραικοί,
549 2415 666 2500 καίπερ
703 2409 801 2493 εἰδὼς
833 2408 922 2499 ὅμως
957 2407 1001 2480 οὐ
1032 2437 1137 2503 παρα-

125 2519 270 2605 δέχομαι.
315 2514 444 2585 τούτων
472 2515 509 2584 δέ
537 2512 650 2585 αὐτῶν
677 2513 792 2604 ὀλίγον
819 2523 936 2604 έθνος,
963 2516 1139 2601 Αἰτωλοὺς

85 2625 210 2708 Βλέγω
238 2619 318 2703 τοὺς
344 2625 589 2713 παροινοῦντας
615 2619 711 2710 ἡμῖν,
743 2621 786 2693 οὑ
813 2630 934 2712 φίλους
961 2622 1025 2712 μὲν
1052 2630 1138 2713 ἔχειν

125 2730 181 2797 καί
209 2728 402 2817 συμμάχους
429 2728 634 2815 ἐποιήσασθε
661 2731 737 2818 περὶ
759 2733 897 2818 πολλοῦ,
923 2733 1138 2818 πολεμωθέν-

125 2863 182 2915 τας
210 2834 246 2903 δὲ
274 2829 355 2922 ὑμῖν
385 2831 525 2925 ὕστερον
553 2832 598 2903 δι’
629 2831 795 2924 άσδήποτε
823 2841 930 2918 αίτίας
953 2833 1017 2907 οὑκ
1044 2833 1169 2907 άκιν-ει

125 2941 236 3021 δάνως
268 2936 452 3010 ὑπακούειν
484 2935 565 3028 ὑμῖν
596 2938 819 3029 ήναγκάσατε;
853 2947 889 3011 οί
918 2941 954 3011 δὲ
986 2942 1072 3033 πρὸς
1098 2941 1136 3013 τὸ

191 3128 208 3174 4
226 3116 293 3176 οὔτε
310 3125 334 3174 V
353 3123 422 3188 (non
439 3121 533 3190 Aug.)]
554 3118 625 3201 οάδξ
693 3127 710 3177 5
732 3125 833 3192 νικῶν]
853 3125 888 3195 τῇ
904 3125 975 3205 νίκη
990 3126 1081 3179 νικῶν
1098 3128 1135 3181 Η,

126 3192 163 3243 cf.
182 3193 251 3243 591)
263 3258 275 3270 u
338 3195 353 3242 7
377 3190 528 3270 πανταχορ
550 3193 643 3252 καλως
661 3191 778 3273 καλῃφρ.
795 3193 871 3261 VM]
898 3192 1067 3273 καλωςμιαλ
1088 3212 1137 3317 φρ.

125 3276 304 3379 ιιικκ
332 3257 760 3389 Μξοιιιικθινν
770 3331 801 3380 21
833 3255 1138 3399 gemm

124 3388 197 3461 ἡμῖν
215 3395 282 3448 Cob.
300 3399 327 3445 et
345 3391 383 3461 H]
402 3385 473 3460 ὑμῖν
505 3393 509 3459 Ι
543 3389 577 3446 οό
595 3394 634 3461 Η]
655 3344 809 3459 ὑὝΒοιη,
828 3387 1022 3462 οὑςΜΑιιςπ
1050 3396 1056 3463 Ι
1083 3392 1137 3465 μὲν

125 3464 230 3515 add.V
298 3465 332 3512 24
349 3458 571 3530 πολεμηθέντας
588 3464 613 3515 V
680 3467 714 3516 25
736 3458 883 3531 άσδήιιοτε
899 3462 937 3534 V]
955 3456 992 3526 ἃς
1010 3460 1051 3533 δή
1068 3480 1137 3519 ποτε

124 3533 157 3581 26
176 3525 206 3582 οἱ
223 3525 256 3582 δὲ
276 3526 493 3598 VMAug.Bav.]
513 3526 541 3582 εί
558 3525 590 3582 δὲ
1077 3548 1083 3557 ·
