2392 3960
106 154 147 219 12
401 155 545 206 mmm
567 154 819 208 ιιιεειιιτοειε

24 346 27 351 ,
104 285 167 353 τού
198 286 256 371 τῆς
287 278 446 373 ἡμετέρας
478 285 626 351 οἰκιστοῦ
658 281 784 363 πόλεως
815 283 871 351 καὶ
900 279 1121 372 Ἀλεξάνδρου

104 392 165 460 τοτ’
200 394 382 475 Φιλίππου,
419 390 475 457 καὶ
508 399 542 457 εί
568 415 619 470 τις
651 387 748 469 ἀλλος
780 391 931 469 τοιοῦτος
968 390 1121 476 γέγονεν,

105 494 191 565 ἑκὼν
220 493 356 583 ἀφίημι·
385 500 479 564 δοκεῖ
503 493 567 584 γὰρ
596 491 637 564 ού
664 496 778 584 πόρρω
806 498 911 563 ταῦτα
939 497 997 582 τῆς
1022 520 1120 583 ποιη-

104 605 197 690 τικης
225 604 377 683 ἐξουσίας
396 599 491 671 εἶναι.
528 602 583 670 καὶ
600 599 641 670 τδι
663 599 753 690 παρδι
770 599 832 689 τὴν
859 601 994 691 πρώτην
1012 596 1120 690 ύπάρ·

107 709 208 790 ξαντά
236 729 290 776 σοι
317 710 449 795 γένεσιν
478 703 522 788 ὥς
540 705 673 796 λαμπρὰ
701 709 756 776 καὶ
783 705 938 796 βασιλικοὶ
967 706 1052 796 (καὶ)
1081 707 1153 776 τὸὸ

105 816 214 901 λέγειν
243 812 372 900 εύηθες.
409 811 476 883 ἀλλ’
507 813 621 902 ἐπειδὴ
649 817 708 901 της
735 817 772 882 ἐν
794 829 864 894 τοῖς
887 815 1003 881 παισὶν
1031 810 1120 899 ἀγω-

66 923 166 1009 ογης
195 917 212 989 6
245 919 362 1011 καιρὸς
393 917 640 1009 ύπομέμνηκεν,
674 926 741 989 έδει
774 940 827 988 σοι
856 923 917 1006 ’τῆς
949 922 1122 1007 βασιλικῆς

104 1030 232 1117 τροφῆς
259 1026 448 1115 δήπουθεν,
480 1023 501 1115 ἣ
529 1024 566 1094 τὸ
600 1025 660 1113 μὲν
693 1029 787 1155 σῶμα
819 1024 902 1115 πρὸς
934 1023 1032 1113 ίσχύν
1063 1026 1122 1093 καὶ

106 1134 222 1222 ῥύμην
250 1132 305 1202 καὶ
338 1128 470 1213 εὐεξίαν
498 1134 554 1200 καὶ
586 1132 705 1213 κάλλος
733 1129 885 1220 ἀσκήσει,
918 1130 979 1219 τὴν
1006 1129 1122 1219 ψυχὴν

105 1240 143 1309 δδ
170 1239 253 1328 πρὸς
280 1236 442 1327 ἀνδρείαν
472 1238 528 1309 καί
556 1238 776 1326 δικαιοσύνην
807 1239 863 1307 καὶ
891 1237 1120 1326 σωφροσύνην
1137 1258 1169 1298 1ο

105 1346 162 1415 καὶ
194 1346 362 1434 φρόνησιν
395 1347 540 1479 ἐμμελῶς
571 1344 825 1475 παρασκευάσει.
870 1347 974 1413 ταῦτα
1008 1343 1045 1411 δὲ
1078 1341 1121 1412 ού

106 1452 225 1543 ῥοίδιον
249 1450 306 1520 διδι
328 1454 386 1538 της
409 1448 584 1539 ἀνειμένης
607 1447 767 1541 ὑπάρχειν
790 1456 930 1538 διαίτης,
948 1449 1120 1540 θρυπτού-

106 1578 166 1646 σης
185 1560 256 1645 μέν,
285 1553 329 1638 ὡς
348 1558 446 1642 είκός,
464 1555 523 1638 τὰς
542 1559 650 1644 ύυχδις
667 1559 723 1627 καὶ
746 1555 788 1624 τδι
807 1555 953 1644 στόματα,
982 1552 1120 1624 ἀσθενε-

60 1666 223 1751 Βστέρας
251 1663 288 1731 δὲ
321 1664 540 1751 ἐργαζομένης
572 1663 654 1751 πρός
685 1689 720 1731 τε
746 1661 826 1743 τοὺς
853 1661 1036 1741 κινδύνους
1062 1659 1122 1741 τὰς

105 1768 242 1859 γνώμας
273 1769 330 1837 καλ
356 1767 440 1857 πρὸς
471 1766 551 1849 τούς
578 1768 704 1849 πόνους
734 1766 775 1835 τδι
803 1767 946 1856 στόματα.
993 1763 1121 1835 ούκούυ
1136 1788 1167 1833 ιε

104 1879 151 1968 τῷ
180 1875 241 1963 μὲν
269 1880 337 1943 ἔδει
364 1877 600 1962 γυμναστικῆς,
627 1877 673 1966 τῷ
697 1873 835 1962 στόματι,
863 1871 925 1961 τὴν
952 1871 1065 1960 ψυχὴν
1084 1871 1122 1941 δὲ

105 1984 145 2071 τῇ
172 1984 240 2049 τῶν
268 1981 379 2067 λόγων
411 1980 560 2068 ἐκόσμεις
591 1983 715 2069 μελέτη.
761 1983 814 2048 ἐπὶ
841 1982 943 2048 πλέον
972 1979 1009 2047 δὲ
1036 1973 1121 2069 ύπέρ

106 2086 307 2178 ἀμφοτέρων
335 2084 429 2168 ἀξιον
457 2092 619 2156 διελθεῖν·
652 2084 736 2176 ἀρχὴ
765 2086 827 2175 γάρ
860 2112 908 2165 τις
941 2083 1024 2172 αύτη
1053 2087 1122 2152 τῶν

106 2192 187 2283 μετδι
213 2196 318 2262 ταῦτα
345 2193 497 2285 πράξεων
516 2196 641 2281 γέγονε.
677 2194 736 2279 τῆς
759 2191 820 2279 μὲν
848 2182 911 2259 οὖν
938 2193 1122 2278 ἐπιμελείας

105 2304 165 2389 τῆς
191 2301 267 2389 περὶ
293 2298 355 2388 τὴν
384 2298 482 2388 ίσχύν
501 2297 543 2367 ού
569 2297 606 2367 τὸ
625 2296 708 2387 πρὸς
734 2296 793 2378 τὰς
820 2298 990 2377 ἐπιδείξεις
1018 2293 1120 2385 ἀρμό-
1136 2321 1167 2362 ιο

108 2414 164 2490 ζον
191 2405 353 2494 ἤσκησας,
381 2403 499 2493 ἥκιστα
527 2413 658 2491 βασιλεῖ
683 2404 819 2493 πρέπειν
846 2398 1027 2494 ὑπολαβὼν
1054 2406 1123 2471 τῶν

54 2537 86 2586 11
106 2512 164 2594 τὰς
191 2519 395 2601 παλαίστρας
421 2511 670 2599 κατειληφότων
697 2508 759 2598 την
785 2510 1025 2599 θρυλουμένην
1053 2505 1122 2577 εύε-

108 2620 365 2706 ξίαν,.μέλλοντι
384 2621 451 2686 τῶν
471 2615 645 2705 ἀληθινῶν
669 2614 811 2704 ἀγιόνων
830 2617 992 2704 μεθέξειν,
1010 2613 1122 2683 ύπνου

106 2751 141 2794 τε
173 2727 347 2812 ἐλαχίστου
385 2727 530 2816 δεομένφ
568 2725 624 2792 καὶ
660 2726 786 2812 τροφῆς
823 2720 865 2791 ού
897 2724 1034 2810 πολλῆς,
1065 2721 1122 2788 καὶ

105 2831 229 2918 ταύτης
257 2828 334 2899 ούτε
361 2830 444 2900 κατὰ
476 2833 608 2958 πληθρς
635 2827 713 2898 ούτε
744 2826 828 2898 κατδι
855 2828 1012 2916 ποιότητα
1039 2825 1122 2895 πάν-
1137 2849 1166 2891 κε

105 2964 171 3018 τως
200 2932 383 3026 ὡρισμένης
407 2934 484 3006 ούτε
502 2935 584 3006 κατὰ
611 2934 672 3006 τόν
699 2935 833 3025 καιρόν,
863 2932 904 3005 δν
930 2961 992 3023 χρη
1020 2952 1122 3022 προσ

175 3075 191 3123 5
215 3069 265 3123 καὶ
283 3072 345 3122 add
364 3074 453 3136 wytt.
525 3065 769 3150 Ὶύπομὲμνηιιεν
786 3071 827 3136 Μ,
852 3062 1071 3150 ύπομεμένηκεν
1089 3068 1124 3130 V,

107 3130 297 3220 ύπομέμνηκε
315 3156 333 3190 v
386 3144 417 3190 10
436 3137 486 3192 καί
500 3133 690 3206 σωφροσύνην
702 3137 772 3221 VM]
788 3109 977 3212 σοόφροσύνην
1023 3137 1055 3185 13
1072 3104 1125 3186 καδ

106 3201 143 3258 τὰ
166 3198 283 3290 σύματα
307 3207 369 3260 add
391 3206 449 3258 VM
509 3210 569 3322 V14
596 3199 785 3273 ἐργαζομενης
812 3203 848 3270 V]
877 3197 1125 3269 κατεργαζομένης

108 3277 141 3326 16
163 3269 196 3326 τό
220 3291 274 3342 μεν
299 3280 328 3324 et
349 3266 381 3325 τό
407 3273 547 3340 ούμαλί,
577 3290 647 3353 quae
677 3276 769 3325 nescio
792 3289 828 3323 an
855 3271 1014 3337 recipienda
1041 3275 1125 3335 atque

108 3335 203 3394 ἐδειτο
226 3342 401 3392 scribendum
423 3345 460 3394 sit
530 3313 562 3393 1’7
585 3335 675 3408 λόγων
699 3359 734 3393 an
758 3337 852 3420 νόμων
874 3341 898 3390 V
925 3339 1044 3417 habeat,
1069 3353 1125 3387 non

107 3402 243 3476 liquet16
244 3401 360 3473 κόσμεις
378 3407 450 3475 Pet]
471 3401 596 3476 ἐκόσμει.
632 3409 811 3461 Schaeferus:
835 3399 929 3489 ἡτῶν
952 3375 1044 3473 λόγωύ
1062 3397 1124 3456 ἐκό-

107 3492 173 3544 σμει
196 3474 298 3544 μελέτη
368 3480 400 3528 22
425 3475 631 3544 θρυλουμένην
647 3475 689 3544 Μ]
714 3469 934 3544 θρυλλονμένην
1003 3476 1037 3525 24
1059 3471 1125 3525 δεο-

106 3542 202 3613 μένων
220 3546 288 3598 Rsk.
288 3540 505 3613 ,δδεομένην
