2370 3908
49 797 104 863 εον
153 785 443 863 ΙΟΤΛΙΑΝΟΤ
477 783 899 861 ΑΤΤΟΚΡΑΤΟΡΟΣ
933 788 1069 863 ΠΡΟΣ

337 905 629 978 ΗΡΑΚΛΕΙΟΝ
660 903 881 980 ΚΤΝΙΚΟΝ

103 1045 195 1094 ΠΕΡΙ
213 1042 290 1093 ΤΟΤ
314 1040 393 1091 ΠΩΣ
417 1041 631 1092 ΚΤΝΙΣΤΕΟΝ
649 1041 713 1092 ΚΑΙ
735 1042 774 1091 ΕΙ
792 1042 939 1093 ΠΡΕΠΕΙ
955 1043 1007 1094 ΤΩ
1026 1044 1120 1095 ΚΤΝΙ

417 1124 578 1177 ΜΤΘΟΤΣ
598 1125 798 1182 ΠΛΑΤΤΕΙΝ.

178 1281 223 1357 Ἦ
246 1286 351 1358 πολλὰ
380 1290 508 1373 γίνεται
536 1290 573 1356 έν
591 1291 705 1380 μακρῳ
733 1289 857 1380 χρόνῳ·
884 1292 985 1359 τοῦτο
1006 1291 1043 1359 ἐκ
1062 1294 1120 1379 τῆς

103 1401 279 1487 κωμῳδίας
316 1391 473 1482 ἀκηκοότι
510 1422 566 1483 μοι
602 1393 720 1486 πρῳήυ
761 1397 907 1482 ἐπῆλθεν
949 1399 1120 1485 ἐκβοῆσαι,

105 1499 249 1589 ὁπηνίκα
277 1503 546 1589 παρακληθέντες
573 1497 774 1591 ῆκροοίμεθα
792 1500 896 1582 κυνὸς
914 1499 989 1570 ούτι
1017 1500 1121 1592 τορὸν

105 1605 185 1677 οὐδὲ
221 1622 379 1693 γενναίου
416 1603 654 1693 ὑλακτοῦντος,
688 1604 760 1676 ἀλλ’
797 1605 907 1694 ὥσπερ
939 1611 978 1676 αι’
1007 1614 1121 1678 τίτθαι

104 1715 237 1802 μύθους
273 1711 416 1804 ᾄδοντος
446 1715 502 1782 καὶ
539 1710 619 1782 οὑδὲ
654 1713 796 1794 τούτους
829 1710 934 1800 ὑγιῶς
971 1719 1120 1784 διατιθε-

104 1823 217 1908 μένου.
263 1823 461 1911 παραχρῆμα
488 1819 550 1907 μὲν
577 1810 641 1888 οὑν
664 1822 792 1907 ἐπῆλθέ
816 1847 873 1908 μοι
901 1821 1137 1894 διαναστάντιι

63 1915 262 1997 Βδιαλῦσαι
298 1924 359 1995 τὸυ
395 1926 573 2014 σύλλογον·
616 1927 685 1994 ἐπεὶ
722 1925 764 1994 δὲ’
795 1928 896 2015 ἐχρῆν
932 1923 1045 2015 ὥσπερ
1084 1931 1120 1996 ἐν

103 2033 234 2124 θεάτρῳ
255 2035 531 2124 κωμῳδουμένων
546 2028 745 2120 Ἡρακλέους
763 2034 819 2100 καὶ
832 2032 1011 2115 Διονύσον
1029 2031 1120 2124 παρά

103 2142 171 2208 των
198 2142 371 2231 κωμῳδῶν
399 2137 549 2224 άκούειν,
583 2135 625 2206 ού
652 2141 714 2207 τού
741 2139 911 2225 λέγοντος,
940 2136 1025 2208 άλλά
1051 2143 1120 2208 τῶν

104 2248 368 2333 συνειλεγμένων
395 2244 492 2334 χάριν
517 2240 688 2332 ὑπέμεινα,
716 2246 842 2332 μάλλον
871 2246 917 2332 δέ,
946 2251 978 2314 εί
999 2245 1062 2335 χρῆ
1089 2273 1119 2314 τι

104 2354 159 2420 καὶ
187 2351 429 2440 νεανικώτερον
456 2357 572 2436 εἰπεῖν,
599 2346 695 2438 ῆμῶν
724 2347 835 2419 αύτῶν
858 2353 955 2420 ἕνεκα
982 2352 1039 2420 καὶ
1058 2355 1137 2424 τούι

105 2456 178 2547 (μῆ)
212 2462 325 2526 δοκεῖν
356 2453 423 2525 ὑπὸ
456 2461 721 2544 δεισιδαιμονίας
752 2459 879 2544 μάλλον
910 2453 931 2545 ῆ
966 2459 1119 2539 δίανοίας

65 2560 268 2650 Οεύσεβούς
293 2564 350 2631 καὶ
377 2565 619 2650 λελογισμένης,
648 2558 759 2650 ὥσπερ
783 2566 821 2631 αί
844 2563 1023 2651 πελειάδες,
1051 2560 1117 2634 ὑπὸ

104 2673 173 2738 τῶν
201 2672 372 2758 ῥηματίων
390 2671 549 2756 σοβηθελς
577 2665 773 2755 άναπτῆναί.
815 2675 935 2758 ἔμενον
953 2668 991 2738 δέ
1010 2671 1118 2739 ἐκεῖνο

104 2774 187 2863 πρὸς
215 2773 361 2863 ἐμαυτὸν
387 2771 505 2843 είπιὺν

101 3002 108 3012 ·
174 2933 429 3008 1αύτοκράτορος]
449 2934 612 3007 αύμούστου
629 2941 654 2990 V
735 2933 956 3006 ΞἮράκλειτον
974 2941 1076 2994 Suidas
1093 2960 1118 2995 v.

100 3005 258 3068 Ἰουλιανός
344 3013 428 3061 3et4
448 3008 503 3088 ριαλ
522 3005 550 3061 εί
572 3003 676 3073 πρέπει
695 3007 734 3078 τῷ
757 3007 823 3061 κυνὶ
840 3003 956 3086 μύθους
978 3003 1119 3062 πλάττειν

105 3078 157 3128 eV
176 3075 327 3140 adjecimus
408 3077 540 3143 ὀηεδδ.
559 3079 584 3128 V
664 3079 749 3128 5et6
772 3070 803 3128 έν
822 3094 873 3142 της
890 3073 1056 3144 κωμῳδίας]
1076 3078 1119 3129 Ex

105 3144 247 3210 Eupolidis
266 3145 409 3195 comoedia
428 3145 534 3209 aliqua3
554 3144 611 3199 vid.
628 3144 748 3196 Meinek.
765 3145 875 3210 Fragm.
894 3143 970 3197 Com.
990 3143 1117 3197 Gr.11.1

105 3229 131 3278 p.
149 3215 198 3264 549
279 3205 377 3264 Ίούτι
395 3207 492 3277 τορὸν]
512 3205 576 3263 ὄντι
595 3204 626 3263 τὺ
645 3217 701 3277 pet.
783 3213 813 3262 11
834 3205 1016 3263 διαλύσοιιδ1
1086 3216 1119 3264 12

104 3273 243 3346 ῆρακλέος
261 3282 285 3330 V
344 3283 375 3332 15
394 3279 493 3332 εἵνεκα
510 3280 535 3329 V
553 3286 582 3330 et
600 3286 656 3346 pet.
716 3281 747 3329 15
759 3284 785 3329 et
798 3281 830 3330 16
848 3276 897 3331 καὶ
916 3277 968 3331 τοὺ
985 3272 1024 3346 μῆ
1043 3279 1118 3346 Pet]

103 3345 153 3481 ρῳρὶ
172 3364 272 3467 τίουὶν,
295 3346 345 3399 τοῦ
362 3342 401 3414 μὴ
421 3346 486 3402 Cob.
558 3351 588 3400 18
612 3342 714 3414 έμενον
732 3343 769 3414 V]
789 3341 907 3410 ἔμελλον
978 3350 1009 3398 19
1028 3343 1120 3400 εἰπὼν

161 3432 173 3467 ε
190 3432 254 3468 τειν
