2370 3908
282 899 557 973 ΙΟΤΛΙΑΝΟΤ
582 896 976 973 ΑΥΤΟΚΡΑΤΟΡΟΣ

354 1036 416 1086 υιΣ
434 1037 511 1086 ΤΗΝ
532 1036 685 1087 MHTEPA
702 1035 777 1086 ΤΩΝ
794 1034 904 1090 om.

197 1187 278 1285 Ἀρά
305 1222 342 1281 γε
369 1193 431 1284 χρή
459 1195 564 1282 φάναι
596 1195 652 1264 καὶ
680 1191 765 1283 ὑπὲρ
791 1194 939 1289 τοάτων;Ι
969 1194 1025 1263 καὶ
1053 1190 1139 1284 ὑπὲρ

121 1305 189 1370 τῶν
225 1299 379 1392 ἀρρήτων
416 1301 588 1392 γράψομεν
624 1303 680 1370 καὶ
716 1297 756 1369 τά
793 1297 969 1382 άνίξοιστα
1004 1303 1061 1370 καὶ
1098 1300 1140 1370 τά

69 1405 331 1495 159άνειιλάλήτα
359 1407 596 1495 ἐπλαλήσομεν;
623 1413 673 1488 τίς
700 1407 762 1496 μὲν
790 1404 936 1490 δ’Άττις
958 1404 1032 1496 ήτοι
1052 1407 1164 1477 Γάλ-τ

121 1525 188 1600 λος,
215 1521 265 1595 τίς
293 1510 378 1603 θὲή
405 1517 473 1582 τάν
500 1517 593 1583 θεῶν
621 1513 759 1604 Μήτηρ,
786 1515 843 1583 καὶ
870 1509 888 1583 ὁ
916 1517 975 1602 τής
1002 1510 1140 1600 ἁγνείας

121 1622 261 1708 ταυτησὶ
287 1619 410 1708 τρόπος
430 1616 554 1706 ὁποῖος,
582 1622 637 1689 καὶ
655 1622 792 1707 προσέτι
809 1623 872 1689 τοῦ
895 1621 994 1709 χάριν
1012 1617 1139 1690 οὑτωσὶ

120 1730 272 1807 τοιοῦτος
299 1723 379 1815 ήμῖν
407 1728 439 1808 ἐξ
468 1723 571 1816 άρχής
601 1732 814 1816 κατεδείχθή,
842 1728 1049 1816 παραδοθεὶς
1072 1727 1141 1827 μὲν

121 1828 187 1902 ὑπὸ
214 1836 283 1902 τῶν
311 1831 538 1922 ἀρχαιοτάτων
557 1837 714 1924 Φρυγῶν,
742 1835 965 1923 παραθεχθεὶς
983 1833 1021 1902 δὲ
1047 1836 1139 1924 προῦ-

120 1967 180 2009 τον
211 1936 274 2027 ὑφ’
304 1936 485 2028 Ἑλλήνων,
513 1942 568 2009 καὶ
596 1941 725 2010 τούτων
753 1938 795 2010 οῦ
823 1940 920 2030 (τῶν)
951 1940 1136 2027 τυχόντων,
1151 1969 1176 2008 ιο

120 2044 192 2115 ἀλλ’
220 2043 425 2134 Ἀθηναίων,
453 2052 563 2137 ἔργοις
591 2049 835 2135 θιάαχθίντων,
868 2044 919 2115 ότι
952 2046 996 2135 μή
1029 2050 1138 2128 καλῶς

121 2152 298 2222 ἑτάθαοαν
335 2155 387 2222 ἐπὶ
419 2156 465 2243 τῷ
497 2157 648 2222 τελοῦντι
683 2151 724 2222 τά
762 2152 860 2243 όργια
891 2155 949 2242 τής
980 2153 1137 2244 Μήτρός;

119 2260 273 2346 λέγονται
310 2259 373 2347 γὰρ
410 2252 504 2329 οῦτοι
536 2265 750 2349 περιυβρίσαι
785 2263 842 2329 καὶ
878 2257 1039 2329 άπελάοαι
1076 2259 1138 2329 τὸν

84 2379 107 2432 Β
123 2366 253 2435 Γάλλον
272 2363 316 2447 ὦς
335 2365 375 2434 τά
392 2377 471 2435 θεῖα
489 2369 764 2455 καινοτομοῦντα,
783 2364 826 2434 οῦ
844 2368 997 2448 ξυνόντες
1015 2361 1138 2437 όποῖόν

120 2499 152 2538 τι
179 2475 237 2559 τής
263 2476 350 2542 θεοῦ
376 2470 414 2540 τὸ
442 2475 551 2562 χρήμα
578 2474 635 2541 καὶ
663 2468 708 2553 ῦς
736 2469 757 2560 ή
784 2470 863 2562 παρ’
895 2470 1009 2554 αὐτοῖς
1034 2499 1136 2561 τιμω-
1151 2502 1176 2543 15

121 2579 202 2665 με’νη
230 2577 313 2666 Δηὼ
341 2581 397 2647 καὶ
422 2575 493 2648 Ῥέα
519 2581 574 2648 καὶ
593 2578 764 2668 Δημήτηρ.
806 2577 877 2648 εἶτα
894 2582 992 2667 μήυις
1014 2576 1052 2648 τὸ
1081 2582 1136 2647 ἐν·

119 2686 241 2753 τεῦθεν
268 2687 326 2772 τής
352 2688 439 2754 θεοῦ
465 2686 521 2754 καὶ
548 2691 712 2772 θεραπεία
742 2687 802 2774 τής
827 2686 976 2775 μήνιδος.
1021 2680 1043 2772 ή
1070 2683 1136 2775 γάρ

121 2792 158 2858 ἐν
185 2794 266 2859 πάσι
292 2806 362 2871 τοῖς
389 2801 503 2874 καλοῖς
529 2786 662 2879 ήγεμάν
689 2795 853 2881 γενομένη
875 2805 947 2872 τοῖς
966 2788 1135 2879 Ἕλλησιν,

120 2892 141 2983 ή
173 2899 234 2964 τοῦ
264 2903 405 2967 Πυθίου
436 2899 619 2987 πρόμαντις
649 2901 751 2985 θεοῦ,
779 2897 869 2989 (τήν)
902 2900 960 2986 τής
996 2896 1137 2988 Μητρὸς

119 3004 187 3069 τῶν
214 3005 306 3070 θεων
338 2993 443 3091 μήνιν
472 3007 644 3074 ἐκέλευσεν
676 3005 885 3074 ίλάσιιεσθαι·
917 3005 973 3073 οιαὶ
1001 3000 1136 3092 ἀνέστη,
1149 3038 1176 3077 εο

120 3108 240 3196 φαοίν,
272 3110 326 3177 ἐπὶ
357 3109 464 3178 τούτω
496 3109 533 3180 τὸ
567 3115 736 3205 μητρῷον,
770 3103 812 3181 οῦ
843 3127 913 3193 τοῖς
941 3107 1137 3199 Ἀθήναίοις

187 3285 339 3372 Ίοῦιωοί]
358 3288 479 3346 mmm
566 3297 597 3346 10
619 3293 677 3347 τῶν
695 3296 758 3352 add
777 3295 805 3346 H
875 3299 905 3346 17
927 3313 943 3347 τ
944 3292 978 3362 ής
1000 3293 1077 3347 θεοῦ
1096 3294 1135 3361 Η]

119 3359 169 3413 τοῦ
192 3360 266 3413 θεοῦ
336 3363 368 3413 18
382 3351 518 3430 Ἕλλησιν
540 3359 580 3430 Η]
597 3352 716 3429 Ἕλλησι
787 3366 818 3414 19
842 3355 895 3430 τήν
920 3363 982 3414 add.
1005 3362 1032 3412 H
1101 3366 1134 3413 21

119 3428 211 3494 φασίν
230 3426 268 3489 Η]
288 3428 365 3494 φασί
