2392 3960
393 161 398 171 ·
463 166 599 220 ORATIO
618 167 680 219 v11.
1006 168 1069 234 ρης

55 298 147 379 δίας,
181 291 284 374 οῦσας
315 292 377 380 μὲν
409 294 465 362 καί
497 288 767 383 ὁμολογουμένας
794 299 947 365 Κυνικοῦ
977 323 1069 380 τινος

55 399 309 489 συγγράμματα,
338 396 653 488 ἀμφισβητουμένοις
671 400 709 470 δέ
726 399 810 471 κατὰ
832 405 932 472 τοῦτο
951 403 1068 491 μόνον,

55 517 121 576 είτε
148 509 210 576 τοῦ
238 507 454 593 διδασκάλου,
481 510 543 575 τοῦ
565 509 762 594 Διογένους,
791 513 888 594 είσίν,
916 518 981 579 είτε
1007 513 1104 580 τοῦΙ)

54 616 212 701 μαθητοῦ
232 619 404 699 Φιλίσκου,
432 620 482 693 τίς
510 610 587 702 (οῦκ
606 609 663 703 ἀν)
691 613 845 684 ἐπελδων
872 616 1069 702 βδελάξαιτο

36 722 111 788 ἰκαὶ
148 726 316 806 νομίσειεν
358 712 548 809 ῦπερβολῦχν
570 713 835 810 Ιἀρρητονργίας
875 718 958 791 οῦδὲ
996 738 1071 804 ταῖς

54 829 200 915 ἑταίραις
232 823 488 914 ἀπολελείφθαις
525 840 596 906 ταῖς
632 827 804 914 Θίνομάου
836 826 874 896 δέ
907 829 1069 916 ἐντυχών·

53 939 178 1022 ἔγραψε
205 931 269 1021 γάρ
297 934 352 1000 καὶ
384 937 570 1024 τραγῳδίας
601 947 670 1014 τοῖς
702 930 814 1020 λόγοις
845 947 915 1014 τοῖς
947 935 1070 1005 ἑαυτοῦ

53 1045 298 1126 παραπλησίας,
331 1035 484 1128 ἀρρήτων
511 1035 714 1129 ἀρρητότερα
745 1040 802 1109 καὶ
833 1043 947 1109 κακοῦν
973 1043 1068 1131 πέρα,

53 1147 109 1213 καὶ
138 1141 254 1213 οὐκέθ’
286 1142 352 1231 ὅ,τι
380 1149 433 1232 φῦ
461 1147 535 1235 περὶ
563 1142 676 1214 αῦτῦν
701 1143 803 1228 ἀξίως
830 1152 909 1234 ἔχω,
936 1142 1001 1216 κάν
1028 1147 1068 1216 τόι
1134 1150 1136 1155 ’

36 1250 248 1339 ΙΜαγνήτων
289 1250 388 1338 κακὰ,
429 1246 492 1320 κάν
533 1250 571 1320 τὸ
616 1253 811 1342 Τερμέριον,
852 1249 917 1322 κάν
957 1257 1069 1322 πᾶσαν

52 1355 165 1438 ἁπλῶς
192 1355 306 1439 αῦτοίς
333 1359 584 1446 ε’πιφθέγξωμαι
601 1355 665 1446 τὴν
691 1365 884 1450 τραγῳδίαν
902 1358 983 1448 μετά
1001 1364 1120 1435 τοῦκιι

52 1463 203 1553 σατύρου
240 1466 296 1533 καὶ
332 1467 391 1552 τῆς
422 1469 599 1556 κωμῳδίας
634 1467 691 1534 καὶ
722 1469 785 1535 τοῦ
822 1471 941 1554 μίμου,
979 1463 1067 1537 οὕτω

51 1575 142 1640 πάσα
176 1571 236 1657 μὲν
269 1571 459 1658 αἰσχρότης,
491 1573 582 1639 πάσα
613 1571 647 1639 τὲ
681 1569 824 1642 ἀπόνοια
851 1570 935 1660 πρὸς
967 1569 1067 1664 ῦπερ-

51 1677 158 1765 βολὴν
190 1679 227 1744 έν
255 1680 394 1759 ἐκείνοις
424 1680 470 1769 τῳ
503 1673 603 1764 ἀνδρί
635 1680 921 1767 πεφιλοτέχνηται·
954 1681 1010 1749 καὶ
1038 1686 1069 1748 εί

36 1783 113 1872 Ιμὲν
147 1785 183 1852 ἐκ
215 1784 344 1852 τούτων
375 1811 425 1865 τις
453 1762 543 1865 ἀξλοί
571 1783 633 1853 τὸν
659 1783 837 1873 Κυνισμδν
869 1781 986 1867 ὁποίός
1018 1791 1069 1867 τίς

51 1894 146 1958 ἐστιν
171 1886 252 1977 ἡμίν
280 1892 453 1976 ἐπιδείξαι,
490 1893 699 1978 βλασφημῶν
725 1889 805 1971 τοὺς
831 1892 948 1979 δεοῦς,
986 1889 1067 1965 ῦλα-

51 1999 141 2064 κτιῦν
168 1993 251 2084 πρὸς
270 1993 431 2084 ἅπαντας,
457 1994 539 2086 ὅπερ
558 2002 645 2084 ἔφην
672 1993 865 2086 ἀρχόμενος,
894 2006 968 2084 ίτω,
996 2025 1067 2085 χαι·
1159 2042 1169 2048 -

54 2104 152 2191 ρέτω,
185 2107 249 2190 γῆν
281 2101 344 2191 πρὸ
377 2107 452 2192 γῆς,
484 2100 561 2171 όποι
594 2102 765 2190 βούλοιτο·
798 2109 829 2172 εί
860 2100 906 2189 δ’,
939 2101 1019 2193 ὅπερ
1048 2100 1108 2173 ὁΒ

54 2207 133 2290 θεὸς
160 2215 225 2297 ἔφη
246 2211 411 2296 Διογένει,
438 2207 475 2278 τὸ
495 2209 641 2298 νόμισμα
668 2209 903 2300 παραχαράξας
929 2211 982 2278 ἐπὶ
1005 2208 1069 2298 τὴν

36 2314 117 2404 ῠτιρὸ
154 2315 276 2404 ταύτης
317 2319 495 2405 εἰρημένην
531 2311 598 2384 ῦπὸ
639 2319 701 2385 τοῦ
742 2317 828 2386 θεοῦ
869 2315 1068 2405 συμβουλὴν

56 2424 215 2510 τρέποιτο,
242 2420 280 2490 τὸ
301 2426 417 2492 Ινῦθι
436 2422 572 2509 σαυτόν,
600 2419 681 2512 ὅπερ
701 2421 903 2511 ζηλώσαντες
921 2423 975 2491 ἐπὶ
998 2425 1067 2491 τῶν

58 2532 161 2615 ἔργων
188 2530 355 2616 Διογένης
386 2530 443 2598 καί
475 2529 608 2619 Κράτης
640 2535 835 2617 φαίνονται,
867 2531 967 2598 τοῦτο
1000 2525 1066 2617 ἤδη

60 2638 114 2702 τοῦ
140 2634 265 2716 παντὸς
292 2633 387 2717 ἀξιον
415 2641 518 2722 ἔγωγε
546 2641 652 2723 φαίην
685 2631 729 2704 ἀν
756 2633 856 2723 ἀνδρὶ
883 2635 940 2705 καὶ
967 2657 1065 2722 στρα-

84 2850 90 2869 ,
122 2793 230 2848 3είσὶν
248 2793 282 2861 V]
304 2793 358 2848 είσλ
445 2794 628 2864 4Φιλίσκον]
653 2795 799 2850 Φιλίστου.
829 2797 885 2848 vid.
905 2795 1066 2863 ad18601
1161 2826 1165 2831 -

63 2871 109 2913 ⁰vn
133 2853 170 2914 ἀν
195 2865 256 2914 add.
282 2863 349 2916 Oob.
386 2866 418 2914 In
439 2865 465 2915 V
486 2867 539 2916 hoe
560 2865 622 2919 Ιοοο
650 2880 758 2916 erasum
780 2870 822 2916 est
846 2864 964 2931 aliquid,
989 2863 1069 2929 cujus
1144 2874 1148 2879 ’

60 2927 161 2982 tantum
184 2938 310 2997 superest
334 2934 448 2997 spiritus
473 2932 553 2985 lenis.
588 2933 656 2984 Rsk.
683 2938 711 2983 et
731 2933 907 2998 Bernhardys
932 2932 967 2983 ad
990 2931 1067 2997 spid.
1096 2981 1103 2999 ,

58 3002 82 3068 ζ·
101 2988 205 3066 ἀρητόν
225 2999 284 3063 (ubi
302 3001 373 3050 haee
385 3000 528 3065 leguntur:
547 2999 591 3060 τίς
609 2986 663 3052 οῦν
681 2993 716 3050 οῦ
735 2996 884 3077 μιρησειεν
902 2992 1069 3066 ὑπερβολήν

55 3066 263 3134 αρρητονργίας
287 3059 394 3133 ἕτὲροις
418 3063 456 3133 μὴ
480 3061 724 3133 ἀπολελεῖφθακ)
749 3084 783 3118 ον
807 3076 871 3118 ante
894 3065 1069 3133 βδελῦξαιτο

53 3128 158 3185 addunt
227 3138 242 3185 5
260 3134 405 3200 νομίσειεν
424 3134 460 3202 Η]
480 3136 630 3202 κομίσαιτο
648 3152 674 3199 ν,
692 3134 809 3200 νομίσαι
827 3135 894 3192 Rsk.
916 3135 1069 3187 Bernhard.

50 3187 122 3254 001).
196 3205 212 3253 6
242 3194 369 3272 ἑταίραις
400 3200 496 3269 iidem]
526 3197 636 3265 ἑτέραις
711 3206 739 3254 ’8
769 3197 901 3270 ἀρρήτων
923 3199 1075 3268 -πέριι].

47 3256 139 3320 Affert
161 3271 260 3322 Suidas
282 3288 310 3324 v.
328 3265 437 3336 άρητόν
456 3275 528 3322 etv.
546 3269 620 3336 πέρα
672 3274 736 3322 9-14
753 3269 804 3322 καί
823 3262 929 3322 οὐκέθ’
948 3260 1004 3348 ὄζῳ
1023 3285 1069 3350 φορ

45 3345 86 3366 N
105 3334 356 3405 κεφιλοτέχνηται]
376 3339 453 3390 citat
465 3338 565 3389 suidas
577 3335 782 3406 ν.Μοιγνητοῦν
799 3331 877 3389 κακά
928 3340 944 3388 9
963 3337 1056 3388 ουκεθ

42 3385 134 3473 ῙὶΒία]
154 3398 220 3458 οῦτε
239 3407 251 3483 χ
268 3399 335 3472 ό,τι]
356 3406 387 3458 τί
403 3407 478 3458 Suid.
502 3405 507 3470 1
534 3403 598 3472 περὶ
617 3399 709 3459 αῦτοῦ
729 3407 803 3462 Suid.
873 3408 905 3456 10
922 3402 1069 3469 μαγνιτῦν
1162 3440 1165 3445 -

44 3453 88 3524 V,
107 3476 159 3527 Μα
179 3492 272 3540 νητων
290 3492 308 3526 v
395 3478 424 3526 11
449 3465 536 3530 αῦτδς
555 3473 630 3525 Suid.
717 3477 749 3524 14
775 3467 817 3538 ἐν]
838 3465 884 3525 ἐπ’
906 3472 983 3524 Suid.
1003 3471 1073 3534 (non

41 3518 91 3592 V)
124 3543 127 3604 Ι
159 3491 285 3603 όκείναις
302 3545 414 3594 Kuster.
432 3543 468 3594 ad
486 3543 561 3600 Suid.
647 3545 679 3594 17
697 3538 828 3615 χαιρέτω]
850 3537 973 3608 χωρείτω
991 3539 1020 3588 H

112 3635 214 3679 Iulianus
228 3638 247 3677 1.
822 3629 856 3678 18
877 3660 880 3669 ·
