2392 3960
36 39 163 259 Γ
491 167 627 223 mimo
646 171 692 224 1v.
1037 172 1097 237 139

79 293 214 384 Ἥλιον,
256 294 310 385 ἐφ’
346 294 427 367 ὅσον
463 292 544 387 ἡμῖν
580 292 655 368 οἷόν
685 325 720 367 τε
751 289 795 386 ἦν
832 300 1008 386 ἐφικέσθαι
1038 304 1097 388 τῆς

86 405 163 493 περὶ
181 398 287 472 αὑτὸν
310 400 476 491 εὐφημίας
494 403 704 491 σπεύδοντες,
732 405 986 494 διεληλύθαμεν.
1027 408 1097 475 ἐπεὶ
1116 421 1140 475 Ι)

88 508 125 578 δὲ
153 506 295 597 ὄμματα,
323 515 439 597 φησίν,
466 506 568 598 ιἰκοῆς
595 512 664 578 ἐστι
691 511 877 601 πιστότερα,
904 518 1013 581 καίτοι
1040 515 1098 600 τῆς

86 614 236 703 νοήσεως
267 613 348 685 όντα
376 642 413 701 γε
439 613 637 706 ἀπιστότερα
669 620 725 685 καὶ
753 614 989 707 ἀσθενέστερα,
1017 620 1098 707 φέρε

60 722 145 794 σκαὶ
176 723 251 810 περὶ
282 724 341 809 τῆς
372 724 544 809 ἐμφανοῦς
575 719 681 791 αὑτοῦ
713 729 932 812 δημιουργίας
963 724 1097 811 αἰτησό-

87 854 183 916 μενοι
208 824 287 917 παρ’
318 824 424 896 αὐτοῦ
450 826 489 897 τὸ
516 835 655 918 μετρίως
682 833 787 898 είπείν
814 832 1035 917 πειραθῶμεν.

164 929 300 1021 ’Ίπέστη
333 934 394 1021 μὲν
426 926 490 1003 οὑν
525 936 600 1025 περὶ
637 931 742 1003 αὑτὸν
779 931 796 1002 ὁ
829 935 1032 1022 φαινόμενος
1064 937 1097 1016 ἐξ

88 1043 213 1119 αίωνος
243 1039 381 1127 κόσμος,
413 1042 516 1130 ἕδραν
549 1040 585 1109 δὲ
618 1046 683 1128 ἔχει
714 1038 751 1109 τὸ
779 1041 994 1131 περικόσμιον
1026 1044 1098 1127 φῶς

87 1146 121 1226 ἐξ
150 1148 288 1232 αίῶνος,
320 1142 396 1234 οὐχὶ
422 1149 488 1215 νὺν
515 1149 590 1234 μέν,
618 1146 692 1215 τότε
720 1147 757 1216 δὲ
785 1145 841 1233 οὑ,
875 1143 954 1216 οὐδὲ
982 1144 1098 1215 όίλλοτε

36 1247 210 1338 .ιοέίλλως,
247 1248 297 1320 ιἰεὶ
329 1251 367 1320 δέ
403 1247 568 1333 ὡσαύτως.
618 1249 689 1322 ἀλλ’
724 1262 758 1321 εί
788 1281 840 1334 τις
875 1252 1001 1340 ταύτην
1035 1250 1098 1340 τὴν

88 1355 264 1426 ὑιαιοόνιον
295 1356 401 1444 φύσιν
433 1356 527 1448 ἄχρις
558 1361 707 1440 ἐπινοίας
738 1359 906 1448 ἐθελήσειε
937 1361 1099 1448 χρονικοῖς

36 1546 38 1553 Ι
87 1466 308 1551 κατανοῆσαι,
338 1462 399 1532 τὸν
431 1466 568 1551 βασιλέα
599 1468 667 1533 τῶν
694 1462 783 1535 ὅλων
807 1463 926 1535 Ἥλιον
957 1462 1151 1555 ἆθρόωςιεσ

36 1576 39 1639 λ
87 1569 357 1657 καταλόμποντα,
388 1573 494 1660 ῥᾷστα
526 1567 569 1639 όιν
601 1578 713 1659 γνοίη,
745 1572 861 1641 πόσων
893 1572 998 1652 αίτιός
1030 1573 1099 1639 ἐστι

36 1781 255 1859 ,οΠλότωνα
291 1780 350 1851 τὸν
386 1784 490 1870 μέγαν
520 1785 576 1852 καὶ
613 1781 693 1871 μετόι
729 1788 849 1853 τοῦτον
885 1782 993 1873 όίνὸρα
1029 1798 1100 1864 τοῖς

89 1888 234 1977 χρόνοις,
263 1886 336 1956 οότι
354 1887 422 1975 μὴν
440 1891 479 1978 τῇ
507 1888 607 1976 φύσει
633 1893 903 1978 καταδεέστερον·
931 1888 992 1958 τόν
1012 1898 1099 1958 Χαλ-

89 1996 183 2062 κιδέα
212 2000 309 2081 φημί,
335 1993 396 2062 τὸν
421 1991 620 2083 Ἰάμβλιχον·
649 1994 686 2076 ὃς
703 1992 789 2082 ἡμας
811 1996 904 2063 τότε
923 1992 1005 2063 όῖλλα
1023 1996 1099 2082 περὶ

89 2097 150 2188 τὴν
178 2107 385 2187 φιλοσοφίαν
416 2103 473 2168 καὶ
505 2099 547 2189 δὴ
579 2102 635 2169 καὶ
666 2104 771 2169 ταῦτα
803 2098 859 2169 ὃιόι
890 2103 958 2169 τῶν
989 2100 1099 2187 λόγων

36 2262 40 2293 f
88 2204 245 2293 ἐμύησεν,
264 2203 358 2294 ἄχρις
375 2202 569 2288 ὑποθέσεως
590 2210 636 2298 τῷ
655 2211 803 2300 γεννητῷ
821 2208 1100 2301 προσχρωμένονς

36 2300 77 2393 ξιο
88 2310 158 2380 καί
174 2313 278 2380 οίονεὶ
304 2313 465 2401 χρονικήν
482 2340 558 2381 τινα
580 2311 643 2402 τὴν
660 2319 796 2402 ποίησιν
823 2309 1099 2399 ὑποτιθεμένους,

36 2410 38 2415 ’
87 2422 146 2486 ἵνα
177 2415 215 2486 τό
248 2419 389 2505 μέγεθος
420 2421 488 2487 τῶν
518 2417 599 2508 παρ’
634 2417 739 2490 αὑτοῦ
770 2420 958 2507 γινομένων
989 2423 1135 2506 ἐργωνΒ

87 2526 295 2611 ἐπινοηθείη.
343 2522 431 2611 πλὴν
463 2521 534 2593 ἀλλ’
568 2531 681 2614 ἔμοιγε
711 2529 776 2614 τῆς
801 2529 938 2596 ἐκείνων
969 2521 1099 2593 ιἰπολει-

87 2631 224 2721 πομένῳ
252 2629 441 2699 παντάπασι
469 2631 643 2720 δυνάμεως
671 2629 827 2721 οὐθαμῶς
845 2634 913 2700 ἐστι
939 2657 1099 2720 παρακιν-

88 2738 289 2822 δυνευτέον,
321 2739 452 2825 ἐπείπερ
485 2734 670 2808 ἀκίνδυνον
707 2735 788 2808 οὐδὲ
820 2735 903 2807 αὑτό
936 2736 973 2806 τὸ
1006 2739 1100 2825 μέχρι

46 2869 74 2913 2⁵
88 2843 189 2929 ψιλῆς
224 2837 417 2923 ὑποθέσεως
452 2844 611 2933 χρονικην
647 2872 722 2913 τινα
758 2846 833 2935 περὶ
873 2842 933 2913 τὸν
973 2843 1101 2931 κόσμον

88 2944 285 3017 ὑποθέσθαι
320 2955 457 3036 ποίησιν
490 2945 507 3018 ὁ
540 2949 670 3032 κλεινὸς
705 2949 794 3041 ἥρως
830 2949 983 3037 ἐνόμισεν
1016 2945 1099 3035 Ἰόμ-

88 3062 212 3143 βλιχος.
257 3053 344 3143 πλὴν
371 3052 443 3124 ἀλλ’
474 3058 604 3147 ἐπείπερ
633 3053 650 3125 ό
677 3055 759 3138 θεὸς
786 3059 819 3137 ἐξ
852 3061 993 3124 αίωνίοο
1020 3081 1100 3144 προ-

88 3165 199 3249 ῆλθεν
226 3166 343 3247 αίτίας,
370 3165 496 3250 μᾶλλον
524 3163 561 3232 δὲ
588 3162 757 3252 προήγαγε
775 3163 883 3231 πάντα
907 3164 940 3242 ἐξ
969 3164 1101 3246 αίῶνος,

160 3335 176 3382 3
199 3327 290 3450 φησὶν
309 3328 383 3399 libri]
403 3331 494 3397 φασὶν
580 3336 665 3385 7ελ8
688 3325 719 3397 ἐξ
738 3329 843 3393 αίώνος
860 3326 965 3398 κόσμος
983 3330 1016 3396 V]
1037 3304 1100 3382 κόσ-

90 3414 145 3464 μσς
168 3390 198 3462 ἐξ
222 3395 326 3458 αίῶνος
414 3403 445 3450 12
461 3400 555 3481 βασιλ
558 3394 678 3467 α]μ
700 3402 844 3453 MbEFG
931 3401 961 3448 16
988 3392 1102 3466 χρόνοις

90 3463 165 3532 libri]
189 3459 302 3549 χρόνοις
319 3462 373 3548 μεν
406 3467 410 3533 Ι
442 3486 476 3536 ιη
495 3463 582 3534 φόσει
598 3465 674 3547 libn']
699 3460 785 3535 φόσει
870 3459 940 3518 2ίέ
942 3467 1042 3531 πείπερ
1061 3463 1099 3531 H]

92 3533 198 3600 είπερΙ
224 3528 304 3600 αὑτο]
324 3527 402 3587 αὑτῶ
419 3536 444 3586 V
512 3539 544 3589 27
562 3534 716 3602 παρῆλθεν
734 3536 798 3586 libri
