2392 3960
455 213 459 219 ,
511 153 644 204 ORATIO
663 155 685 208 Ι.
1061 155 1102 219 27

83 280 212 368 ἀγαθά,
239 281 382 349 καὶτῶν
408 280 510 349 πάλαι
529 284 755 368 ποθουμένων
774 280 890 364 διδοὺς
909 279 1102 372 ἀπολαύειν,

82 395 180 476 νίκης
217 384 300 456 κατά
337 389 406 455 τάν
442 386 639 476 βαρβάρων,
675 395 845 476 τροπαίων
882 391 1102 479 ἐγειρομένων

81 492 168 565 κατά
201 496 259 582 τῆς
291 499 505 583 Παρθυαίων
536 490 689 574 ἀπιστίας
720 496 776 563 καί
809 492 994 584 ἀνανδρίας
1032 499 1102 584 [καλ

81 602 243 687 δειλίας],
281 591 330 668 ὦν
362 598 400 668 τὸ
439 599 500 686 μὲν
532 602 739 681 ἐπεδείξαντο
773 599 831 682 τάς
863 601 1012 684 σπονδάς
1044 605 1100 672 λύ-

52 727 204 788 ισαντες
234 707 291 775 καὶ
323 705 385 794 τήν
417 705 555 794 εἰρήνην
583 709 795 794 συγχέαντες,
823 706 861 776 τὸ
891 708 928 777 δὲ
955 707 998 797 μή
1027 719 1145 779 πολ-1)

81 816 212 901 μάντες
230 808 314 900 ὑπὲρ
333 816 391 901 τής
417 813 528 902 χώρας
545 813 600 881 καί
619 815 687 880 τῶν
707 813 875 899 φιλτάτων
902 812 1101 903 ἀμύνεσθαι.

162 916 243 988 Ἀλλ’
274 916 364 1000 ὅπως
381 918 426 1007 μή
453 947 503 1000 τις
530 915 682 1007 ὑπολάβῃ
701 946 741 1006 με
759 919 889 988 τούτων
908 921 969 1008 μὲν
996 917 1102 1009 ἡδέως

80 1028 276 1114 μεμνῆσθαι
302 1028 370 1093 τῶν
399 1032 518 1115 ἔργων,
541 1023 660 1094 ζὀκνεῖν
689 1026 725 1094 δὲ
745 1029 864 1113 ἐκεῖνα,
892 1029 968 1116 περὶ
997 1024 1017 1095 ά
1045 1030 1101 1097 καλ

80 1147 153 1214 τοῖς
181 1137 351 1219 πολεμίοις
368 1134 605 1219 πλεονεκτῆσαι
628 1134 792 1221 παρέσχεν
815 1128 835 1219 ή
855 1133 947 1220 τύχη,
975 1137 1102 1221 μᾶλλον

38 1270 67 1311 ιο
81 1238 120 1306 δὲ
148 1233 170 1325 ή
199 1237 289 1327 χάρα
316 1235 378 1325 τήν
411 1240 447 1306 έκ
473 1241 534 1307 τοῦ
561 1241 681 1328 καιροῦ
713 1243 953 1327 προσλαβοῦσα
981 1241 1101 1327 ῥοπήν,

82 1340 129 1425 ὡς
157 1343 323 1432 αἰσχύνην
354 1339 449 1431 ήμῖν,
483 1342 559 1431 ούχί
587 1345 624 1412 δέ
657 1350 796 1412 έπαινον
827 1347 882 1414 καὶ
915 1344 1013 1433 τιμήν
1041 1350 1101 1434 φέ-

81 1477 202 1538 ροντα,
239 1451 294 1518 καί
335 1446 419 1538 ὑπὲρ
456 1450 586 1518 τούτων
622 1451 820 1540 πειράσομαι
858 1455 1006 1539 δηλῶσαι
1044 1453 1101 1522 διά

81 1558 250 1645 βραχέων,
288 1552 330 1624 ού
362 1554 445 1645 πρὸς
476 1555 513 1625 τὸ
550 1558 821 1625 λυσιτελέστατον
859 1560 989 1651 ε’μαυτηῖ
1022 1558 1102 1641 τοὺς

81 1662 206 1748 λύγους
233 1661 396 1748 πλάττων,
423 1661 486 1751 τήν
515 1659 678 1749 ἀλήθειαν
697 1663 735 1730 δὲ
754 1660 893 1749 ἀγαπῶν
922 1667 959 1732 έν
986 1668 1099 1734 πᾶσιν.
1119 1693 1153 1742 23

41 1759 122 1856 ιεής
154 1778 188 1837 εἰ
215 1796 264 1850 τις
297 1766 383 1836 ἑκών
415 1765 614 1857 ἁμαρτάνοι,
649 1767 710 1856 τήν
744 1771 779 1837 ἐκ
810 1773 872 1838 τοῦ
904 1771 1099 1840 κολακεύειν

82 1875 249 1962 αἰσχύνην
277 1871 432 1961 οὐδαμῶς
450 1875 614 1962 ἐκφεύγει,
642 1881 844 1962 προστίθησι
864 1875 901 1944 δί
919 1892 989 1958 τοῖς
1008 1879 1099 1945 έπαι-

79 1983 261 2069 νουμένοις
278 1979 315 2048 τὸ
336 1986 449 2049 δοκεῖν
477 1979 555 2070 μηδ’
585 1977 669 2067 ὑπὲρ
687 1983 755 2048 των
775 1979 885 2050 ἀλλων
904 1974 943 2049 εὖ
962 1980 1100 2052 ἀκούειν

80 2085 165 2156 κατὰ
191 2085 254 2175 τήν
281 2083 389 2167 ἀξίαν·
423 2084 441 2156 δ
470 2098 594 2157 παθεῖν
621 2084 885 2174 εὐλαβησόμεδα.
932 2091 1032 2169 δείξει
1061 2089 1099 2158 δὲ

81 2189 100 2262 δ
129 2193 230 2280 λόγος
257 2190 410 2279 αύτός,ε
395 2199 426 2261 εἰ
452 2196 608 2281 μηδαμοῦ
635 2191 672 2260 τδ
692 2195 818 2319 ψεῦδος
845 2192 991 2282 πρὸτῆς
1019 2193 1097 2327 άλη-

39 2306 178 2380 οοδείας
205 2305 383 2388 τετίμηκεν
417 2296 543 2368 ούκοῦν
571 2291 609 2368 εὖ
638 2296 774 2383 οἷδα,’
754 2326 805 2367 οτι
823 2299 943 2399 πάντες
971 2296 1013 2368 άν
1041 2304 1098 2389 μέ-

79 2427 198 2493 γιστον
226 2405 369 2493 φήσειαν
396 2408 621 2493 πλεονέκτημα
648 2386 916 2495 τῶνβαρβάρων
943 2405 1004 2474 τὸν
1031 2406 1095 2498 πρὸ

77 2515 149 2581 τῶν
177 2512 357 2601 Σιγγάρων
385 2513 539 2599 πόλεμον.
580 2510 644 2598 ε’γω
674 2511 755 2580 δε’
739 2519 870 2600 εκείνην
897 2511 958 2600 τήν
986 2514 1138 2603 μάχηνΒ

78 2628 137 2687 ίσα
165 2618 227 2707 μὲν
254 2622 401 2704 ἐνεγκεῖν
428 2632 499 2699 τοῖς
518 2621 755 2707 στρατοπέδοις
781 2617 822 2687 τά
850 2619 1096 2708 δυστυχήματα,

80 2727 185 2805 δεῖξαι
214 2725 252 2792 δὲ
270 2722 331 2812 τὴν
355 2724 419 2813 σήν
438 2722 558 2814 ἀρετήν
585 2727 846 2814 περιγενομένην
873 2728 931 2812 τῆς
959 2728 1098 2795 ἐκείνων

40 2864 67 2906 25
81 2830 181 2918 τύχης
209 2837 316 2919 φαίην
335 2827 377 2898 άν
396 2832 539 2918 εἰκότως,
567 2833 622 2899 καὶ
650 2835 754 2899 ταῦτα
783 2833 994 2922 στρατοπέδῳ
1020 2860 1098 2921 χρη-

81 2938 230 3025 σαμένην
261 2947 386 3024 θρασεῖ
415 2939 470 3005 καὶ
506 2940 659 3029 τολμηρῷ
697 2939 753 3005 καὶ
785 2936 870 3027 πρὸς
905 2936 967 3024 τήν
1006 2935 1099 3026 ὤραν

80 3046 137 3112 καί
174 3042 236 3133 τήν
271 3047 334 3112 τοῦ
369 3049 510 3130 πνίγους
547 3044 663 3132 ῥύμην
701 3040 762 3131 ούχ
799 3040 922 3132 ὁμοίως
958 3047 1098 3125 ἐκείνοις

149 3198 165 3245 3
186 3198 213 3244 et
230 3196 247 3243 4
266 3191 314 3244 καὶ
335 3198 399 3244 ante
419 3191 532 3252 δειλίας
551 3210 601 3244 om.
615 3194 644 3243 M
664 3195 738 3256 etfl„
758 3209 842 3259 quare
863 3191 974 3272 δειλίας
993 3195 1099 3245 delevit

80 3261 142 3312 Pet.
165 3263 195 3310 in
222 3261 266 3313 ed.
289 3263 315 3312 fl
324 3277 409 3326 ,ego
437 3259 487 3312 καὶ
514 3260 625 3320 δειλίας
652 3262 757 3312 seclusi
831 3265 847 3312 6
874 3252 1047 3340 ἀμύνασθαι
1070 3263 1099 3310 Μ

80 3300 330 3410 θκλεονεκτῆσαι
349 3329 416 3382 Rsk
435 3334 462 3379 et
480 3327 592 3407 wytt]
599 3328 840 3380 πλεονεκτειοθαι
912 3332 941 3379 17
965 3320 1036 3394 μηδ’
1056 3328 1095 3394 Η]

80 3389 156 3464 μήθ’
182 3398 186 3460 Ι
211 3388 331 3448 ἀκούειν
351 3413 382 3448 εν
401 3399 430 3446 Μ
498 3399 540 3446 21
549 3389 675 3462 φήσειαν
693 3393 733 3463 Η]
753 3391 878 3478 φήσαιεν
949 3400 980 3446 23
1000 3391 1048 3446 ἰσα
1066 3397 1099 3459 V,

79 3472 113 3515 ut
141 3465 215 3543 {⁰¹³²
296 3467 328 3514 25
356 3457 536 3544 ῖῖῖίσᾶμένθν
563 3466 594 3515 V
622 3481 658 3514 an
685 3458 889 3530 χρησαμενουῖ
975 3464 1008 3511 26
1035 3465 1099 3515 102.

80 3531 161 3602 {⁴606
178 3530 249 3586 Rflk.
268 3539 296 3582 et
314 3530 350 3598 H]
369 3529 466 3601 τόλμη.
498 3531 534 3586 cf.
554 3533 636 3582 2281)
