2392 3960
56 155 119 219 604
356 157 499 209 ιιιοιειιι
516 155 767 210 ιιιΡιιιιΑνοιιιε

56 298 149 380 ρίαν,
182 290 227 359 δι’
252 289 296 378 ἣν
323 290 341 360 ὁ
370 295 471 380 μέγας
490 291 656 382 Ἀχιλλεύς
682 291 960 382 ἀντιτεταγμένος
982 289 1064 385 αύτῷ

56 402 123 465 πᾶν
155 397 192 465 τὸ
225 396 396 487 ὕπαιθρον
428 406 641 488 κατείληφεν,
673 402 780 482 ἒξεστί
805 420 859 469 σοι
887 404 957 470 τῶν
984 424 1067 487 περι-

57 506 190 591 ηγητῶν
226 499 371 572 ἀκούειν.
417 505 480 592 έγῶ
513 507 551 573 δὲ
582 506 779 594 καταλαβῶν
811 507 985 596 ἐμπύρους
1015 510 1068 589 ἔτι,

57 613 179 697 μικροῦ
215 611 280 677 δέω
317 610 423 697 φάναι
456 612 629 701 λαμπρούς
659 618 706 682 ἔτι
738 641 818 694 τους
849 613 989 702 βωμούς
1018 611 1070 681 καὶ

58 719 204 803 λιπαρῶς
231 713 458 806 ἀληλιμμένον
484 718 547 806 τὴν
573 723 634 788 τοῦ
648 717 808 804 Ἕκτορος
830 719 963 806 εἰκόνα,
992 716 1089 807 πρὸςι

58 821 236 909 Πηγάσιον
258 820 389 891 ἀπιδὼν
412 876 433 910 ,,
442 831 486 892 Τί
503 829 649 906 ταῦτα;“
680 825 790 912 εἷπον,
814 824 947 913 ,Ἰλιεῖς
969 825 1071 895 θύου

59 934 157 1009 σιν;“
190 927 459 1019 ἀποπειρώμενος
480 928 601 1019 ἠρέμα,
624 936 694 1011 πῶς
715 938 781 1020 ἔχει
804 932 949 1020 γνῶμης.
997 930 1072 1002 ὁδδ

60 1037 149 1120 ,Καὶ
167 1043 203 1104 τί
217 1040 315 1105 τοῦτο
335 1035 472 1122 ἀτοπον,
495 1036 604 1125 ἀνδρα
623 1035 757 1124 ἀγαθὸν
776 1041 908 1108 ἑαυτῶν
924 1044 1072 1127 πολίτην,
1109 1064 1112 1105 ε

60 1140 169 1230 ῶσπερ
188 1140 319 1230 ἡμεῖς,“
338 1149 414 1230 ἔφη,
431 1142 531 1231 ,τούς
548 1143 726 1233 μάρτνρας,
744 1148 776 1211 εί
787 1143 1071 1234 θεραπεύοιισιν;“

60 1246 80 1334 ἡ
104 1250 165 1336 μὲν
189 1243 252 1318 οῦν
275 1250 374 1318 είκῶν
398 1247 459 1336 οῦχ
480 1247 592 1338 ὑγιής·
616 1248 636 1338 ἡ
661 1250 699 1318 δὲ
720 1257 917 1341 προαίρεσις
938 1252 979 1319 ἐν
997 1252 1100 1321 ἐκεί-ιι

60 1384 133 1436 νοις
161 1359 371 1444 ἐξεταζομένη
399 1371 469 1436 τοῖς
491 1369 620 1451 καιροῖς
642 1353 765 1425 ἀστεία.
809 1363 846 1426 τί
865 1354 910 1444 δὴ
934 1355 974 1425 τὸ
997 1354 1071 1444 μειδ

60 1468 175 1544 τοῦτο;
221 1467 490 1550 ,,Βαδίσιιμεν,“
528 1467 629 1550 ἔφην,
666 1465 746 1549 ,ἐπὶ
776 1463 814 1533 τὸ
847 1466 908 1551 τῆς
936 1460 1073 1545 Ἰλιάδος

58 1566 203 1656 Ἀθηνᾶς
224 1573 394 1658 τέμενοςιέ.
427 1568 444 1638 ὁ
469 1570 507 1638 δὲ
528 1571 584 1638 καὶ
607 1569 696 1658 μύλα
718 1569 905 1659 προθύμως
927 1568 1074 1661 ἀπήγαγέ

61 1704 100 1763 με
132 1678 187 1745 καὶ
220 1675 342 1768 ἀνέῳξε
373 1675 434 1744 τὸν
465 1676 568 1760 νεῶν,
604 1677 660 1744 καὶ
688 1674 798 1764 ῶσπερ
825 1676 1073 1767 μαρτυρόμενος

63 1785 208 1864 ἐπέδειξέ
237 1812 293 1872 μοι
326 1782 433 1851 πάντα
461 1779 605 1870 ἀκριβῶς
632 1786 702 1850 σῶα
728 1783 768 1850 τὰ
796 1780 988 1872 ἀγάλματα,
1023 1784 1103 1855 ιιαλιι

62 1891 201 1977 ἔπραξεν
223 1888 325 1958 οὐδὲν
346 1881 394 1957 ῶν
412 1891 575 1957 είῶθασιν
594 1891 630 1956 oc
646 1893 818 1974 δυσσεβεῖς
836 1890 962 1958 έκεῖυοι
979 1890 1073 1979 πρύτ-

61 2022 145 2084 τειν,
181 1998 233 2064 ἐπὶ
260 1999 322 2064 τοῦ
348 1994 501 2082 μετῶπου
527 1998 589 2062 τοῦ
617 1998 803 2081 δυσσεβοῦς
828 1993 867 2063 τὸ
896 1992 1075 2085 ῦπύμνημιι

62 2105 357 2190 σκιαγραφοῦντες,
381 2098 462 2168 οὐδὲ
485 2099 663 2188 ἐσύριττεν,
686 2097 795 2188 ῶσπερ
819 2102 955 2188 έκεῖνοι,
978 2098 1077 2183 αύτδς

62 2204 140 2274 καθ’
167 2206 302 2274 ἑαυτόν·
339 2203 360 2294 ἡ
388 2205 451 2293 γάρ
475 2203 560 2295 ἀκρα
582 2212 744 2293 θεολογία
765 2202 845 2295 παρ’
871 2203 990 2289 αύτολς
1011 2208 1077 2277 ἐστι

63 2314 126 2381 δύο
149 2317 263 2398 ταῦτα,
287 2319 453 2402 συρίττειν
476 2338 510 2379 τε
532 2311 615 2400 πρὸς
632 2311 712 2392 τοῦς
730 2316 895 2400 δαίμονας
912 2314 969 2382 καλ
988 2334 1107 2384 σοαπ-Ι

62 2434 206 2508 γραφεῐν
228 2420 280 2487 έπλ
303 2423 365 2487 τοῦ
387 2418 540 2506 μετῶτιον
562 2418 624 2487 τὸν
647 2417 803 2509 σταυρῶν.

153 2525 228 2593 Λύο
256 2529 359 2593 ταῦτα
387 2523 632 2611 έπηγγειλάμην
659 2529 764 2593 είπελυ
792 2545 862 2594 σοι·
898 2532 1017 2615 τρίτου
1042 2526 1078 2595 δδ

64 2633 168 2700 ἐλθὸν
201 2632 253 2699 ἐπὶ
283 2635 369 2698 νοῦν
397 2632 457 2698 ούκ
485 2629 577 2717 οἶμαι
604 2634 724 2717 χρῆναι
753 2634 893 2700 σιωπῶν.
937 2628 1079 2719 ἠκολού-

63 2741 152 2826 θησέ
172 2766 229 2826 μοι
252 2738 308 2806 καὶ
330 2736 413 2825 πρὸς
430 2735 466 2804 τὸ
482 2734 663 2823 Ἀχίλλειον
682 2734 699 2804 ὁ
719 2735 831 2823 αύτύς,
853 2738 910 2806 καί
928 2735 1079 2823 ἀπέδειξε

63 2845 123 2914 τὸν
146 2844 255 2931 τάφον
279 2848 383 2912 σῶον·
407 2842 599 2930 ἐπεπύσμην
623 2843 660 2910 δὲ
682 2844 737 2911 καὶ
759 2842 918 2923 τοῦτον“
898 2870 947 2913 υιι
948 2842 1109 2917 ἀύτοῦιι

133 3035 392 3108 3έμπύρους-4
416 3035 457 3091 έιι
479 3031 547 3099 τοῦς
569 3033 682 3120 βωμούς
705 3040 804 3108 Hem]
795 3033 1078 3163 Ῑέμπείρους-ίιλ

65 3110 116 3162 τοῦ
137 3109 232 3178 βωμοῦ
250 3110 328 3161 Harl.
398 3110 413 3158 ‘1
431 3106 490 3166 πῶς
507 3107 608 3192 Hem]
599 3101 665 3174 ]ῶς
682 3108 759 3163 Harl.
812 3110 845 3160 10
861 3126 881 3174 η
899 3126 919 3175 μ
937 3126 955 3161 ν
973 3110 1076 3193 Hm]

66 3175 93 3229 εί
111 3175 163 3244 μὲν
182 3179 259 3229 Harl.
318 3179 349 3226 12
366 3171 444 3254 έφην
461 3171 598 3254 Hennff]
582 3193 638 3244 εφη
657 3176 732 3227 Harl.
792 3178 824 3227 14
841 3174 1078 3247 μαρτυρούμενος

64 3247 153 3298 Henn
217 3249 247 3298 17
265 3240 299 3296 τῦ
317 3235 474 3309 ύπύμνημα
491 3241 543 3297 τοῦ
561 3241 720 3310 δυσσεβοῦς
736 3244 828 3296 Ηειιιι
889 3248 926 3299 18
927 3260 1078 3333 σκιαγρα-

66 3311 190 3374 φοῦντες
208 3311 309 3376 Henn.]
332 3309 578 3392 σκιογραφοῦντες
595 3312 675 3362 Harl.
746 3314 777 3363 18
794 3315 822 3362 ελ
842 3314 874 3363 19
896 3304 989 3377 αύτδς
1005 3308 1077 3369 μεθ’

66 3375 169 3435 ἕαυτδν
188 3379 289 3446 Henm]
309 3374 417 3437 αύτούς
435 3372 508 3430 καθ’
528 3371 638 3430 ἑαυτῶν
655 3377 734 3430 Harl.
793 3382 827 3431 20
844 3384 874 3431 et
890 3382 925 3433 21

66 3455 133 3514 φεῖν
152 3449 253 3513 Ηοιιο,]
274 3450 462 3526 σκιογραφειν
481 3446 560 3498 Harl.
616 3450 650 3498 24
668 3439 804 3510 ἀπέδειξε
820 3446 1000 3517 Humi]
942 3396 1078 3517 φέφει

65 3519 142 3573 Harl
212 3519 245 3567 25
264 3507 430 3581 ἐπεπύσμην
449 3508 584 3578 Ηειιιι.έ]
585 3531 659 3568 πεπε
661 3513 747 3581 ίσμην
765 3514 845 3572 Harl,
