2392 3960
104 146 147 209 40
406 148 549 199 IULIANI
571 146 820 199 IMPERATORIS

106 271 143 355 ὃς
170 274 271 343 πύλαι
297 273 358 362 μὲν
386 270 576 363 ἀπορραγὲν
593 272 631 343 τὸ
651 272 849 363 στρατήγιον
876 269 941 341 ἀπὸ
969 274 1033 341 τοῦ
1059 272 1121 361 βή-

105 408 207 468 ματος
235 383 268 461 ἐς
293 377 417 449 ταύτὸν
444 380 546 448 πόλιν
573 382 797 466 ἐπαναγαγεῖν
828 376 973 467 ήξίωσας
999 380 1122 467 σχήμα,

106 485 310 574 μιμούμενος
346 483 438 573 οἶμαι
472 483 634 555 Ὀδυσσέα
670 487 726 555 καὶ
758 486 912 573 Νέστορα
947 485 1004 553 καλ
1040 482 1123 565 τοὺς

67 614 87 671 c
107 592 275 673 ἐξελόντας
293 592 497 680 Καρχηδόνα
511 588 681 678 Ῥωμαίων
708 590 929 681 στρατηγούς,
957 595 993 659 οδ
1017 596 1121 677 φοβε-

107 700 272 786 ρωτέρους
300 693 424 779 αύτούς
451 695 516 767 ἀπὸ
544 701 605 766 τοῦ
632 698 779 786 βήματος
805 712 875 778 τοῖς
902 692 1082 765 ἀδικοῦσιν
1098 690 1149 784 ήε

106 818 175 884 τοῖς
207 810 377 892 πολεμίοις
409 805 462 873 ἐπὶ
493 807 551 892 τῆς
583 804 794 893 παρατάξεως
827 800 877 871 ἀεὶ
904 803 1122 889 κατέστησαν.

106 913 353 998 Λημοσθένους
385 910 422 978 δέ
454 912 509 978 καλ
542 907 633 990 ὅστις
663 913 786 978 τούτον
819 907 957 996 ἐζήλωκε
986 904 1051 996 τήν
1083 910 1122 977 ἐν

105 1031 175 1096 τοῖς
202 1016 315 1103 λόγοις
348 1013 445 1102 ἰσχύν
473 1015 687 1102 αἰδούμενος,
715 1018 761 1107 τῷ
788 1014 901 1106 τρόπω
927 1016 986 1100 τῆς
1014 1018 1122 1101 δημη-

106 1127 222 1208 γορίας
263 1117 378 1189 οὔποτ’
418 1116 461 1188 διν
502 1117 678 1208 ἀξιώσαιμι
714 1123 760 1214 τῷ
798 1120 876 1211 (σῷ)
913 1125 1122 1207 παραβαλεῖν

105 1222 269 1295 τάκείνων
300 1228 433 1315 θέατρα.
481 1223 523 1295 ού
554 1225 617 1315 γὰρ
651 1228 688 1295 ἐν
719 1241 790 1307 τοῖς
822 1222 971 1306 ὁπλίταις
994 1226 1121 1313 ἐδημη-
1135 1254 1160 1295 ιο

106 1332 233 1421 γόρουν
252 1329 332 1400 οὐδὲ
350 1328 434 1420 ὑπὲρ
453 1333 624 1401 τοσούτων
642 1331 909 1417 κινδυνεύοντες,
936 1326 1005 1399 ἀλλ’
1034 1325 1122 1419 ὑπὲρ

105 1434 330 1526 χρημάτωνή
358 1441 453 1525 τιμής
480 1434 500 1525 ή
528 1439 637 1526 δόξης,
664 1434 685 1526 ή
709 1444 820 1525 φίλοις
838 1451 993 1525 συνερεῖν
1020 1437 1122 1523 ἐπαγ-

62 1569 87 1623 1)
106 1543 306 1630 γειλολμενοι,
334 1541 484 1632 ιἰπήεσαν
503 1542 595 1631 οἶμαι
613 1545 771 1624 πολλάκις
790 1537 855 1612 ιἰπδ
882 1544 944 1610 τού
962 1541 1122 1629 βήματος,

106 1652 168 1718 τοῦ
187 1649 295 1735 δήμου
314 1649 582 1738 δορυβήσαντος,
610 1646 711 1738 ὠχροὶ
730 1651 786 1717 καλ
804 1648 990 1738 τρέμοντες,
1009 1644 1121 1736 ὥσπερ

108 1759 143 1824 οί
168 1756 273 1823 δειλοὶ
300 1757 367 1822 τῶν
394 1760 562 1841 πολεμίων
581 1757 619 1823 ἐν
647 1753 721 1835 όψει
749 1754 928 1843 στρατηγοὶ
955 1778 1121 1843 παρατατ-
1136 1780 1160 1823 ιε

106 1861 249 1946 τόμενοι.
295 1862 351 1928 καὶ
384 1857 497 1940 οὐδεὶς
524 1855 568 1927 δν
595 1866 700 1929 εἰπεῖν
733 1866 802 1947 ἔχοι
828 1862 993 1929 τοσοῦτον
1020 1864 1122 1949 ἐργον

107 1967 206 2057 ἕτέρςο
234 1965 387 2055 πραχθὲν
418 1965 551 2035 πώποτε
577 1967 634 2034 καὶ
660 1965 831 2035 τοσούτων
863 1967 978 2034 ἐθνῶν
1003 1968 1123 2052 κτῆσιν

107 2074 142 2141 ἐκ
171 2076 400 2160 δικαστηρίου,
429 2070 536 2152 ἄλλως
562 2098 596 2140 τε
619 2070 778 2160 καὶπρὸς
805 2068 914 2160 ἄνδρα
940 2073 999 2157 τής
1027 2075 1123 2159 δίκης

53 2208 88 2259 33
108 2175 211 2266 οὔσης
248 2175 320 2264 ούχ,
359 2173 403 2259 ὡς
436 2182 471 2247 οἱ
504 2184 625 2246 πολλοί
659 2198 779 2265 φασιν,
815 2174 1122 2266 εὐκαταφρόνητον,

107 2281 191 2352 ἄλλα
218 2292 356 2365 πολλαῖς
374 2284 436 2372 μὲν
455 2289 640 2373 στρατείαις
663 2283 844 2373 γνώριμον,
863 2282 1057 2372 πρεσβύτην
1085 2282 1123 2352 δέ
1135 2310 1160 2353 ει

106 2387 172 2477 ήδη
210 2392 266 2459 καλ
302 2388 364 2477 τήν
400 2392 572 2477 ἐμπειρίαν
614 2392 649 2457 ἐκ
685 2392 747 2458 τοῦ
787 2389 912 2479 χρόνον
954 2391 1123 2489 δοκοῦντα

106 2496 368 2584 προσειληφέναι
395 2497 450 2563 καὶ
477 2496 546 2562 τῶν
575 2497 809 2585 στρατοπέδων
841 2498 980 2563 ἐκείνων
1008 2492 1123 2583 ἄρχειν

106 2601 250 2688 λαχόντα
277 2598 388 2669 πολύν
414 2598 480 2688 ήδη
508 2600 641 2689 χρόνον.
678 2608 728 2682 τίς
747 2593 810 2670 οὖν
836 2596 858 2688 ή
882 2599 976 2689 βοόμη
1002 2602 1124 2686 γέγονε

106 2710 174 2775 τῶν
202 2706 327 2793 λόγους
360 2713 410 2786 τίς
438 2706 475 2775 δέ
503 2702 524 2794 ή
552 2705 660 2775 πειθὼ
689 2722 759 2787 τοῖς
791 2713 934 2794 χείλεσιν
961 2708 1121 2791 ἐπικαθη-

106 2816 203 2899 μένη,
233 2810 282 2902 (“)
310 2816 536 2882 παντοδαπῶν
554 2810 762 2902 ’ἀνθρώπων
791 2812 1054 2899 σννειλεγμένων
1079 2806 1118 2878 τό
1133 2838 1160 2877 ετ

106 2920 246 3007 κέντρον
279 2922 493 2988 ἐναπολιπεῖν
526 2927 641 3007 ίσχυσε
667 2933 739 2998 ταῖς
770 2932 907 3006 ψυχαῖς,
939 2919 995 2986 καὶ
1021 2922 1120 3004 νίκην

176 3104 191 3150 2
210 3093 240 3160 ἐς
258 3099 326 3166 VM]
347 3098 387 3160 εἰς
408 3100 413 3166 Ι
434 3092 542 3153 ταύτόν
561 3100 597 3167 V]
615 3093 703 3153 ταύτό
723 3100 727 3167 Ι
745 3094 941 3167 ἐπαναγαγεῖν
959 3097 994 3166 V]
1012 3090 1120 3152 ἐποικεῖ·

106 3183 169 3234 γειν
221 3170 237 3219 5
260 3161 366 3227 αύτούς
384 3169 442 3219 VM
510 3170 526 3219 9
548 3165 587 3219 τῶ
606 3167 645 3236 τῷ
663 3167 737 3233 Pet]
756 3168 794 3234 τῷ
821 3169 825 3231 Ι
851 3167 1033 3235 παραβαλεῖν
1049 3167 1075 3219 V

105 3230 304 3301 παραβάλλειν
375 3239 407 3286 10
428 3220 614 3288 τύκείνουὛ
640 3233 645 3300 Ι
672 3230 707 3287 ού
730 3231 784 3302 γὰρ
808 3233 846 3301 V]
865 3227 935 3287 οὐδὲ
958 3228 1017 3321 χεὶρ
1090 3236 1105 3285 1

106 3306 239 3369 συνερεῖν
261 3304 327 3353 Rsk.
347 3309 375 3354 εί
392 3302 491 3369 Wytt.]
515 3306 665 3369 συνεργεῖν
736 3307 767 3355 13
790 3296 921 3371 ἀκήεσαν
950 3301 1068 3354 αππιαν
1094 3302 1124 3353 Η

107 3375 138 3422 15
152 3377 179 3423 et
193 3373 225 3422 16
242 3362 494 3435 παραταττόμενοι
512 3367 579 3435 VM]
598 3366 807 3437 ταραττόμενοι
860 3372 892 3421 16
925 3387 972 3437 χοι
992 3320 1124 3487 Ichnusa

106 3434 166 3506 ἔχει
189 3440 229 3499 Μ,
255 3433 307 3506 ἐχη
328 3455 346 3488 v
416 3441 447 3488 17
469 3437 597 3501 πῶποτε,
620 3444 653 3489 ut
674 3439 759 3503 solet,
781 3438 807 3489 V
874 3441 908 3489 20
930 3440 1080 3505 στρατιαῖς

106 3509 139 3557 25
157 3496 176 3574 ἣ
195 3506 257 3557 εδδ.
276 3507 342 3562 Rsk.
362 3512 389 3557 et
407 3505 519 3557 Schaef.
588 3508 621 3557 26
640 3505 737 3573 ἴσχυσε
756 3504 878 3572 Schaef.]
897 3498 1011 3572 ίσχύοαι
