2392 3960
509 125 645 179 ORATIO
663 126 686 177 1.
875 181 884 207 ὗ
1088 125 1106 187 7

89 283 154 337 τος.
202 252 266 342 ἐγω
299 253 337 322 δέ
368 255 518 322 ἐπαινεῖν
550 252 610 340 μὲν
643 248 773 333 άπάσας
804 248 907 339 ἔχοιμ’
939 246 981 320 ἀν
1014 248 1107 332 ἀξίας

89 359 195 442 οὔσας
227 358 320 442 ἀξίας
347 361 403 428 καὶ
434 363 543 447 τιμῆς,
573 356 661 428 ὀκνῶ
695 359 732 428 δὲ
765 356 808 446 μὴ
842 354 899 427 διά
927 355 964 429 τὸ
993 360 1106 446 μῆκος,

88 474 120 537 εί
151 468 208 536 καὶ
241 474 336 539 δοκεῖ
364 471 441 534 λίαν
474 471 580 534 οίκεῖα
596 463 672 533 1τοῦ
704 464 871 556 παρόντος
903 463 1022 550 λόγον,
1051 462 1108 533 διδι

88 573 149 644 τὸν
176 572 295 663 καιρὸν
323 570 480 661 ἀλλότρια
499 575 599 661 φανῇ.
635 575 704 640 τῶν
722 571 783 659 μὲν
807 562 870 639 οὖν
898 568 1010 639 ἀλλων
1028 568 1107 651 τοὺς

62 683 250 761 εέπαίνους
282 677 339 749 διά
370 675 462 747 τοῦτ’
498 675 641 766 ἀφήσειν
674 706 729 766 μοι
763 680 868 763 δοκω,
900 679 958 764 τῆς
981 672 1107 763 Ῥώμης

68 786 129 855 ’δὲ
148 784 185 855 τὸ
203 786 388 874 κεφάλαιον
405 788 474 853 τῶν
502 787 649 852 ἐπαίνων
668 782 779 869 αὐτός,
808 775 834 851 ἀ
854 786 1003 871 βασιλεῦ,
1027 792 1106 850 συλ-

88 890 204 981 λαβών
232 896 269 961 ἐν
296 899 415 981 βραχεῖ
439 893 495 960 καὶ
524 891 728 959 διδάσκαλον
761 886 878 978 ἀρετῆς
905 889 1146 977 προσειπών,0

88 1002 136 1091 τῷ
164 1001 295 1094 δοῦναιΙ
314 995 351 1066 τό
385 996 561 1066 κάλλιστον
588 1000 656 1065 τῶν
689 1000 877 1083 ἐγκωμίων,
910 993 990 1075 τοὺς
1017 993 1107 1083 παρὰ

88 1107 158 1174 τῶν
186 1102 297 1174 ἀλλων
324 1103 446 1190 λόγους
475 1100 655 1193 ἀφῄρησαι.
697 1110 732 1171 τί
756 1100 821 1190 γάρ
849 1102 985 1189 λέξομεν
1013 1096 1108 1188 ἡμεῖς

50 1244 76 1284 ιο
88 1212 164 1300 περὶ
193 1206 295 1298 αὐτῆς
321 1213 477 1279 τοιοῦτον
505 1213 633 1300 έτερον;
667 1215 702 1276 τί
728 1208 764 1277 δὲ
793 1206 892 1288 ἀλλος
923 1234 973 1288 τις
1001 1213 1107 1275 εἰπεῖν

89 1324 170 1405 ἐχει;
209 1314 294 1385 ὥστε
325 1343 381 1403 μοι
414 1319 503 1384 δοκῶ
536 1315 717 1404 σεβόμενος
749 1313 883 1394 εἰκότως
914 1312 976 1401 την
1008 1313 1107 1382 πόλιν

88 1423 197 1515 τούτῳ
225 1425 324 1510 τιμάν
357 1419 463 1509 αὐτὴν
491 1424 608 1508 πλέον,
640 1425 686 1514 τῷ
719 1434 930 1509 παραχωρεῖν
958 1439 1011 1488 σοι
1038 1422 1107 1488 τῶν

89 1535 137 1610 είς
164 1527 271 1616 αὐτὴν
294 1528 413 1614 λόγων.

159 1649 240 1720 Ἀλλ’
270 1647 354 1738 ὑπὲρ
381 1653 439 1737 της
467 1647 635 1736 εὐγενείας
661 1653 720 1736 τῆς
739 1653 799 1736 σης
827 1658 907 1730 ἴσως
935 1647 1030 1730 ἀξιον
1054 1651 1107 1718 ἐπὶ

47 1782 75 1822 15
88 1761 151 1828 τοῦ
179 1757 345 1846 παρόντος
372 1759 409 1824 ἐν
436 1762 554 1844 βραχεῖ
579 1760 736 1824 διελθεῖν.
783 1752 921 1844 ἀπορεῖν
949 1755 987 1824 δὲ
1014 1761 1107 1847 ἔοικα

87 1861 277 1949 κάνταῦθα,
304 1862 413 1932 πόθεν
432 1859 595 1950 άρχεσθαι
613 1862 685 1951 χρη’.
723 1861 890 1950 πρόγονοί
905 1889 939 1930 τε
958 1861 1023 1950 γάρ
1043 1867 1150 1930 είσίΒ

88 1990 144 2039 σοι
176 1971 232 2038 καὶ
263 1969 392 2038 πάπποι
423 1969 479 2036 καὶ
512 1983 622 2054 γονεῖς
654 1965 799 2054 ἀδελφοί
822 1995 857 2036 τε
889 1969 945 2038 καὶ
974 1965 1107 2049 ἀνεψιοὶ

87 2078 146 2145 καὶ
167 2078 337 2162 ξυγγενεῖς
356 2081 502 2162 βασιλεῖς
521 2072 673 2160 ἅπαντες,
702 2070 798 2142 αὐτοὶ
825 2073 1026 2161 κτησάμενοι
1044 2071 1106 2162 τὴν

89 2179 197 2272 ἀρχὴν
217 2182 364 2269 ἐννόμως
383 2176 403 2268 η’
422 2179 512 2269 παρὰ
531 2183 598 2248 τῶν
617 2179 834 2270 κρατούντων
848 2181 1106 2266 εἰσποιηθέντες.

48 2291 145 2357 εοιιαὶ
177 2287 218 2357 τά
250 2287 311 2376 μὲν
344 2285 468 2356 παλαιά
500 2292 535 2354 τί
569 2292 622 2355 δεῖ
651 2281 774 2373 λέγειν,
811 2292 986 2355 Κλαυδίου
1024 2314 1106 2374 μνη-

89 2396 226 2481 σθέντα,
254 2396 310 2463 καὶ
337 2397 395 2482 τῆς
422 2389 540 2480 ἀρετῆς
566 2396 624 2480 τῆς
643 2395 773 2462 ἐκείνου
801 2394 925 2483 ἐναργῆ
953 2394 1107 2481 παρέχειν

89 2502 146 2570 καὶ
173 2499 325 2589 γνώριμα
344 2502 425 2568 πάσι
443 2499 612 2587 τεκμήρια,
639 2503 707 2567 τῶν
726 2496 870 2586 ἀγώνων
899 2499 995 2589 (τῶν)
1023 2496 1107 2587 πρὸς

89 2606 168 2688 τοὺς
196 2603 280 2695 ὑπὲρ
312 2605 372 2674 τὸν
396 2602 529 2693 Ἵστρον
562 2608 739 2687 οἰκοῦντας
767 2606 960 2694 βαρβάρους
988 2602 1105 2692 ἀναμι-

90 2714 295 2802 μνήσκοντα,
323 2714 379 2781 καὶ
407 2709 497 2792 ὅπως
523 2710 585 2798 την
613 2708 719 2800 ἀρχὴν
747 2709 849 2793 ὁσίως
877 2709 944 2799 ἀμα
971 2713 1027 2779 καὶ
1056 2716 1143 2779 δι-7

48 2827 192 2901 εσκαίως
225 2819 399 2907 ἐκτήσατο,
437 2819 492 2887 καὶ
523 2816 585 2906 τὴν
619 2820 655 2886 ἐν
692 2825 844 2909 βασιλεία
880 2821 940 2904 της
977 2822 1107 2904 διαίτης

88 2926 252 3014 λιτότητα,
280 2927 336 2994 καὶ
363 2924 425 3012 τὴν
453 2922 612 3012 ἀφέλειαν
639 2928 697 3012 τῆς
717 2928 858 3013 έσθητος
886 2926 938 2992 ἐπὶ
966 2927 1034 2991 τῶν
1062 2929 1107 2992 εί-

87 3033 201 3103 κόνων
229 3029 404 3122 ὁρωμένην
432 3037 492 3113 ἐτη
527 3029 567 3099 τά
595 3030 631 3099 δὲ
660 3027 744 3120 ὑπὲρ
771 3035 839 3099 τῶν
866 3030 1011 3101 πάππων
1039 3032 1107 3097 τῶν

158 3236 171 3284 1
192 3228 288 3301 ἔχοιμ’
307 3223 345 3284 ἀν
362 3229 398 3313 Η]
419 3227 512 3298 έχοιμι
531 3233 628 3296 Wytt.‚
648 3223 770 3310 εόχομαη
787 3247 805 3280 v
868 3235 883 3281 2
903 3224 998 3364 ἀξίαςχ
1018 3223 1107 3296 δόξης

88 3304 177 3380 Ἦχῖῖ.
247 3303 311 3378 δεῖ
329 3305 343 3352 7
363 3315 397 3352 ου
416 3294 566 3364 συλλαβών
584 3300 652 3355 Rsk.
716 3294 899 3382 θαφῄρησαι
916 3298 982 3351 Rsk.
1016 3292 1108 3362 ἀφαι-

89 3383 171 3435 ρηοει
190 3369 251 3429 Vv,
275 3364 426 3435 αφαιρήση
450 3367 478 3417 Μ
555 3371 586 3419 10
608 3365 740 3418 τοιοῦτον
764 3383 861 3431 ετερον
879 3362 950 3486 VM)
975 3364 1108 3417 τοιοῦτον

90 3439 121 3487 11
139 3434 200 3503 μοι]
218 3430 257 3501 μὴ
276 3439 302 3489 V
370 3439 402 3487 21
420 3436 496 3490 Fert.
515 3435 751 3501 transponendum
773 3430 915 3502 παρέχειν
948 3431 1054 3499 ναργὴ,
1076 3438 1108 3483 ut

88 3502 184 3555 hiatus
204 3503 319 3555 tollatur
386 3507 419 3555 22
439 3493 558 3568 ἀγόνων
577 3501 633 3555 τῶν
650 3499 687 3568 H]
707 3494 826 3570 ἀγώνων
