2392 3960
36 40 156 123 W..

449 171 583 224 ORATIO
601 173 639 223 ΙΙ.
1006 166 1049 232 95

37 303 288 392 ἐπικρατοῦντες
324 297 510 388 ἠδύναντο,
544 296 621 368 οῦτε
653 301 775 367 ἐκεῖνοι
810 299 968 376 νικῶντες
1001 297 1048 376 ἐξ·

37 419 120 479 ελεῖν
148 410 206 477 καὶ
234 405 418 496 ἀνατρέψαι
445 409 513 474 τῶν
540 407 740 495 Πριαμιδῶν
767 402 831 491 τὴν
859 400 965 493 άρχην
992 403 1049 471 καί

38 513 94 604 τὴν
121 520 296 601 βασιλείαν
324 523 459 601 ίσχυον,
492 515 648 599 δεκαέτης
681 510 718 579 δὲ
746 508 861 591 αὐτοῖς
887 508 1049 596 άναλῶθη

38 621 162 712 χρόνος.
212 628 345 707 βασιλεῖ
368 619 412 687 δὲ
439 620 556 688 πολλοὶ
584 620 760 706 μέν,είσιν
789 613 929 704 άγῶνες·

39 725 207 816 ἀνεγράφη
239 733 423 815 Γερμανοῖς
449 740 518 806 τοῖς
545 720 629 814 ὑπὲρ
656 727 718 793 τοῦ
742 719 862 811 Ῥήνου
890 725 1051 810 πελεμῶν,

38 834 75 902 τά
99 861 136 903 τε
163 834 217 901 ἐπὶ
244 836 290 924 τῶ
321 839 457 921 Τίγρητι
486 831 647 918 ζεύγματα
675 832 731 899 καὶ
757 831 816 918 τῆς
839 834 1052 918 Παρθυαίων

40 940 210 1036 δυνάμεως
242 940 298 1008 καὶ
328 942 390 1007 τοῦ
422 938 635 1027 φρονήματος
672 942 804 1024 ἔλεγχος
836 932 878 1004 ου’
911 937 1052 1023 φαῦλος,

41 1042 89 1115 ὅτε
117 1042 181 1133 ούχ
199 1042 365 1133 ὑπέμενον
385 1041 511 1132 άμῦναι
537 1047 577 1132 τῇ
595 1042 687 1134 χῶρμ
711 1044 941 1132 πορθουμένη,
968 1037 1052 1107 άλλδι

39 1156 205 1241 περιεῖδον
232 1149 365 1220 ἅπασαν
392 1161 578 1238 τμηθεῖσαν
604 1148 667 1238 την
695 1159 773 1217 είσω
806 1155 966 1238 Τίγρητος
996 1146 1052 1215 καὶ

38 1259 164 1345 Λύκου,
191 1261 260 1327 τῶν
287 1285 324 1345 γε
351 1256 418 1346 μὴν
445 1255 528 1346 πρὸς
550 1255 611 1326 τὸν
637 1255 808 1346 τύραννον
831 1255 1091 1344 πραχθέντωνῦ

38 1362 56 1434 δ’
79 1392 116 1434 τε
145 1366 199 1434 ἐπὶ
226 1370 386 1433 Σικελίαν
413 1369 554 1444 ἔκπλους
580 1365 636 1432 καὶ
664 1364 698 1443 ἐς
724 1360 939 1450 Καρχηδόνα,
964 1356 1052 1447 Ἡρι-

38 1474 145 1541 δανοῦ
185 1497 220 1538 τε
257 1475 295 1538 αί
328 1469 592 1559 προκαταλήψεις
627 1472 696 1537 τῶν
733 1471 882 1555 ἐκβολῶν
924 1463 1053 1544 ἁπάσας

38 1574 143 1646 αύτοῦ
173 1575 233 1658 τάς
265 1579 301 1645 ἐν
330 1574 450 1667 Ἰταλίᾳ
488 1575 648 1663 δυνάμεις
680 1573 894 1662 άφελόμεναι,
926 1573 981 1642 καὶ
1014 1568 1051 1638 τὸ

38 1692 227 1753 τελευταῖον
259 1685 315 1752 καὶ
346 1689 461 1772 τρίτον
492 1683 662 1770 πάλαισμα
689 1682 765 1771 περὶ
796 1696 869 1763 ταῖς
895 1682 1053 1757 Κοττίαις

36 1787 200 1876 Ἄλπεσιν,
238 1786 256 1858 ὃ
290 1788 331 1878 δη
364 1796 496 1876 βασιλεῖ
530 1788 591 1876 μέν
627 1790 791 1877 παρέσχεν
825 1785 959 1874 ἀσφαλῆ
996 1786 1052 1854 καὶ

36 1898 97 1966 τοῦ
125 1898 303 1984 μέλλοντος
330 1892 412 1965 άδεῦ
439 1893 501 1984 τὴν
519 1891 604 1983 ὑπὲρ
630 1898 689 1982 τῆς
712 1901 807 1983 νίκης
833 1890 975 1982 ἡδονήν,
992 1891 1053 1960 τὸν

36 2001 73 2073 δέ
100 1997 288 2090 ἡττηθέντα
316 2007 415 2091 δίκην
443 2003 609 2070 ἐπιθεῖναι
628 2005 763 2069 δικαίαν
791 1996 882 2092 αὑτῶ
910 2001 966 2068 καὶ
984 2001 1052 2065 τῶν

36 2109 299 2198 ἐξειργασμένων
326 2108 416 2177 πάνυ
445 2105 541 2189 άξίαν
568 2107 807 2196 κατηνάγκασε.
1069 2118 1094 2172 D

122 2217 275 2283 Τοσαῦτα
307 2210 390 2304 ὑπὲρ
423 2216 492 2282 τῶν
524 2214 686 2301 βασιλέως
723 2219 831 2302 ἔργων
864 2213 900 2281 έν
938 2218 1056 2300 βραχεῖ

36 2320 295 2408 διεληλύθαμεν,
323 2319 400 2390 οῦτε
418 2326 573 2410 κολακείᾳ
591 2321 829 2409 προστιθέντες
854 2319 911 2388 καί
939 2315 1053 2399 αύξειν

36 2429 281 2518 ἐπιχειροῦντες
307 2425 411 2515 τυχὸν
439 2423 580 2507 οὐδενὸς
603 2427 808 2515 διαφέροντα
835 2427 904 2493 τῶν
932 2422 1053 2508 άλλων,

36 2531 118 2603 ούτε
148 2533 327 2622 πόρρωθεν
359 2537 511 2614 ἕλκοντες
541 2535 598 2601 καὶ
630 2532 820 2620 βιαζόμενοι
848 2535 917 2601 τῶν
945 2536 1053 2621 ἐργων
1135 2576 1139 2582 -

36 2637 96 2721 τάς
124 2634 330 2727 ὁμοιότητας,
357 2639 509 2728 καθάπερ
529 2642 564 2708 οί
587 2637 667 2720 τούς
686 2638 820 2726 μύθους
838 2638 1054 2726 ἐξηγούμενοι

36 2748 107 2815 τῶν
133 2747 282 2833 ποιητῶν
309 2749 364 2815 καί
392 2743 595 2826 άναλύοντες
613 2747 646 2825 ἐς
664 2744 785 2831 λόγους
812 2745 981 2825 πιθανοὺς
998 2743 1054 2813 καί

37 2853 279 2953 ἐνδεχομένους
305 2852 346 2921 τά
371 2852 548 2940 πλάσματα
566 2853 602 2919 ἐκ
625 2855 743 2941 μικράς
769 2852 859 2920 πάνυ
887 2855 945 2940 της
972 2846 1054 2919 ῦπο-

36 2964 134 3039 νοίας
162 2954 350 3050 ὁρμώμενοι
376 2962 433 3028 καὶ
452 2956 602 3047 άμυδράς
626 2963 702 3026 λίαν
730 2958 978 3047 παραλαβόντες
995 2954 1054 3038 τὰς
1072 2972 1106 3023 75

125 3150 138 3196 1
162 3138 384 3228 ἐπικρατοῦντες
407 3145 459 3227 H]
476 3138 703 3227 ἐπικρατοῦντας
729 3143 734 3211 Ι
761 3136 830 3198 ούτε
847 3143 884 3213 Η]
908 3139 977 3198 ούδε
1038 3149 1070 3195 3-

39 3213 127 3281 ἴσχων
146 3214 171 3264 V
195 3212 200 3278 Ι
225 3209 365 3281 αναλάθη
383 3213 419 3280 V]
441 3207 589 3280 άνηλάθη.
619 3215 654 3269 cf
672 3215 759 3264 292D
778 3214 863 3267 369Δ
932 3215 1056 3264 4Lacu-

37 3298 103 3334 nam
126 3299 143 3332 a
166 3282 282 3335 Petavio
305 3285 456 3334 indicatam
478 3283 629 3334 Horkelius
653 3282 776 3362 explevit
799 3278 851 3333 καλ
873 3274 928 3361 γάρ
954 3281 1055 3331 additis

38 3347 251 3428 θτίγριδοςΤ.
283 3351 319 3402 ολ.
340 3351 375 3401 ad
393 3351 463 3401 22A
531 3353 564 3401 13
582 3341 762 3416 άφελόμεναι
780 3347 854 3415 Pan]
875 3341 1056 3414 ἀφελόμενος

40 3421 73 3469 13
85 3424 114 3468 et
127 3420 160 3468 14
186 3408 218 3469 τδ
241 3420 411 3471 τελευταῖον
433 3415 471 3484 Τ]
499 3408 531 3468 τό
558 3433 590 3483 γε
616 3417 784 3469 τελευταῖον
861 3419 893 3466 14
918 3413 1056 3472 Κοττίαις

40 3483 112 3566 Pet]
136 3484 264 3546 σκοτίαις
334 3489 366 3539 16
388 3478 452 3554 τδν]
477 3483 515 3536 τῶ
534 3484 559 3534 Τ
629 3488 659 3535 17
684 3480 853 3552 ἡττηθέντα
875 3487 903 3535 Μ
923 3487 994 3534 cant.
1013 3478 1053 3546 fl.]

39 3545 201 3619 ἡττηθέντι
221 3553 225 3618 Ι
248 3547 327 3606 αύτῶ
344 3555 404 3604 ΤΜ
472 3556 505 3604 24
522 3547 670 3612 πιθανούς
689 3568 741 3604 om
761 3554 785 3604 V
