2392 3960
496 144 632 196 οκλτιο
651 145 684 196 v,
853 206 857 213 ¹
1032 144 1097 209 γορ

39 308 44 315 -
80 272 151 341 τῶν
187 273 332 339 πολιτῶν
365 267 446 338 οὐδὲ
478 264 524 350 εἷς
557 270 657 339 λάθοι
690 265 732 339 άν
765 267 870 359 αὐτὴν
902 270 1044 362 χρηστός
1075 270 1097 362 ἢ

81 380 215 465 φαῶλος
246 374 303 446 ῶν.
349 377 560 467 κατωρθῶθη
593 379 707 464 μέντοι
735 380 791 446 καὶ
818 373 837 446 δ
865 378 1009 468 πόλεμος
1036 378 1099 448 αὐ-

80 488 157 553 τίκα
181 480 353 573 Ῥωμαίοις
379 481 462 574 πρὸς
488 488 759 574 Καρχηδονίους,
788 481 871 554 ῶστε
898 483 959 554 τὸν
986 492 1099 576 τρίτον

81 585 168 681 ὑπὲρ
196 594 265 659 τῶν
290 593 409 679 τειχῶν
432 586 534 679 αὐτῆς
560 591 666 677 μόνον
684 591 904 682 Καρχηδόνος
931 594 1099 678 γενέσθαι.

51 693 123 765 οτδι
150 697 213 786 μὲν
241 689 304 766 οὖν
331 700 388 784 τῆς
416 700 574 787 ἱστορίας,
602 703 633 765 εί
650 703 709 766 καί
732 717 821 766 τισιν
840 695 991 767 άπίθανα
1010 699 1099 781 δόξει

80 805 138 873 καὶ
154 804 332 896 φιλοσόφφ
350 804 531 893 προσήκειν
551 798 652 872 οὐδὲν
672 801 751 872 οὐδὲ
765 804 929 897 θεολόγῳ,
948 807 1096 893 λεγέσθω
1116 821 1139 874 Β

79 908 126 999 μὴ
159 927 269 1000 μεῖον,
302 914 399 999 κοινῇ
431 909 492 999 μὲν
529 906 595 978 ὑπὸ
628 917 791 979 πλείστων
829 902 1100 1002 ἱστοριογράφωνΙ

79 1013 357 1107 ἀναγραφόμενα,
386 1016 553 1104 σωζόμενα
582 1017 619 1085 δὲ
642 1017 697 1085 καὶ
717 1018 770 1085 ἐπὶ
797 1021 929 1105 χαλκῶν
957 1019 1098 1087 εἰκόνων
1157 1050 1160 1055 ·

79 1125 119 1191 ἐν
151 1127 191 1213 τῇ
224 1130 382 1213 κρατίστῃ
414 1124 469 1192 καὶ
501 1132 659 1210 θεοφιλεῖ
684 1119 799 1212 Ῥῶμη.
844 1130 952 1192 καίτοι
984 1152 1024 1213 με
1056 1121 1099 1194 οὐ

39 1254 65 1293 ιο
78 1231 224 1318 λέληθεν
258 1227 308 1298 ότι
342 1230 509 1317 φήσουσιν
537 1227 622 1298 αὐτά
654 1256 741 1311 τινες
773 1233 841 1298 τῶν
875 1236 952 1299 λίαν
980 1234 1098 1322 σοφῶν

78 1333 212 1418 ὕθλους
239 1335 326 1405 εἶναι
359 1341 509 1426 γρᾳδίων
538 1333 601 1405 οὐκ
630 1333 797 1417 άνεκτοάς.
840 1337 913 1424 ἐμοὶ
941 1337 978 1405 δὲ
1005 1342 1101 1406 δοκεῖ

77 1458 154 1524 ταῖς
180 1444 297 1512 πόλεσι
324 1443 493 1511 πιστεύειν
521 1445 648 1530 μάλλον
666 1440 707 1511 τά
734 1446 872 1511 τοιαῦτα
899 1439 920 1530 ἢ
948 1446 1097 1513 τουτοισὶ

78 1565 151 1630 τοῖς
179 1563 335 1637 κομψοῖς,
371 1540 419 1616 ῶν
446 1547 483 1617 τὸ
511 1549 678 1639 ψυχάριον
706 1548 809 1639 δριμὺ
834 1553 912 1638 μέν,
939 1545 1032 1636 ὑγιὲς
1060 1551 1097 1618 δὲ

79 1652 162 1724 οὐδὲ
190 1661 228 1725 ἓν
255 1658 376 1742 βλέπει.

39 1782 65 1825 ιε
157 1759 253 1851 ‘mo
282 1762 318 1831 δὲ
347 1753 395 1829 ῶν
422 1766 528 1830 είπείν
547 1763 674 1849 ἐπῆλθέ
697 1789 754 1851 μοι
781 1759 859 1851 παρ’
890 1759 995 1831 αὐτὸν
1023 1760 1132 1852 άρτιθ

78 1866 141 1937 τὸν
176 1873 236 1957 της
271 1865 438 1954 ἁγιστείας
473 1868 608 1958 καιρόν,
650 1865 763 1937 άκούω
801 1869 861 1956 μὲν
899 1875 1001 1955 ἐγωγε
1041 1871 1096 1938 καὶ

78 1982 270 2067 Πορφυρίφ
298 1972 374 2043 τινά
401 1978 696 2063 πεφιλοσοφησθαι
723 1976 799 2065 περὶ
817 1972 940 2061 αὐτῶν,
970 1973 1012 2043 οὐ
1030 1973 1097 2063 μὴν

80 2079 158 2150 οἶδά
186 2110 234 2169 γε,
263 2079 305 2151 οά
332 2078 397 2170 γάρ
425 2083 591 2169 ἐνέτυχον,
620 2087 650 2150 εί
676 2083 732 2149 καὶ
756 2083 1005 2168 συνενεχθῆναί
1029 2107 1096 2150 που

79 2195 229 2277 συμβαίη
257 2191 304 2280 τῶ
332 2188 431 2279 λόγῳ.
476 2185 537 2256 τὸν
561 2184 691 2257 Γάλλον
719 2187 757 2256 δέ
785 2185 849 2273 ἐγὼ
876 2188 1013 2255 τουτονὶ
1041 2190 1096 2256 καὶ

38 2292 141 2364 ποτὸν
164 2293 277 2363 ’Ἁττιν
310 2292 411 2375 αὐτὸς
444 2303 581 2363 οίκοθεν
613 2296 734 2363 ἐπινοῶ
771 2296 832 2363 τοῦ
865 2300 1008 2381 γονίμου
1040 2296 1096 2363 καὶ

79 2403 327 2492 δημιουργικοῦ
353 2404 418 2470 νοῶ
444 2398 506 2488 τὴν
525 2398 601 2489 άχρι
619 2404 677 2488 της
701 2400 838 2488 ἐσχάτης
856 2397 938 2487 ὕλης
966 2397 1096 2469 ἅπαντα

79 2511 258 2595 γεννῶσαν
286 2504 408 2576 οὐσίαν
435 2506 532 2593 εἶναι,
561 2507 705 2595 ἔχουσάν
722 2533 758 2575 τε
777 2509 813 2575 ἐν
841 2509 941 2595 ἑαυτῇ
969 2506 1096 2587 πάντας

77 2613 161 2696 τοὺς
189 2614 311 2700 λόγους
342 2615 398 2682 καὶ
426 2612 484 2694 τάς
516 2618 623 2694 αίτίας
655 2617 723 2682 τῶν
751 2613 880 2683 ἐνάλων
908 2617 1020 2683 εἰδῶν·
1054 2611 1130 2684 οάῦ
1187 2678 1191 2685 .

78 2720 147 2811 γάρ
176 2720 218 2810 δὴ
246 2721 382 2790 πάντων
409 2723 447 2789 ἐν
465 2722 547 2789 πάσι
574 2718 614 2788 τά
637 2726 721 2808 είδη,
750 2718 831 2789 οὐδὲ
858 2724 894 2790 ἐν
921 2737 990 2802 τοῖς
1009 2719 1095 2789 άνω-

36 2829 168 2898 εετάτω
203 2830 258 2896 καὶ
290 2828 435 2917 πρῶτοις
468 2831 587 2908 αἰτίοις
618 2824 658 2895 τά
689 2830 758 2896 τῶν
786 2828 934 2915 ἐσχάτων
961 2829 1017 2895 καὶ
1044 2855 1093 2897 τε·

74 2941 258 3021 λευταίων,
291 2932 367 3022 μεθ’
398 2931 419 3002 ἃ
447 2931 549 3002 οὐδέν
582 2936 673 3002 ἐστιν
700 2929 720 3022 ἢ
749 2932 793 3002 τὸ·
819 2937 877 3022 τῆς
910 2934 1095 3023 στερήσεως

75 3041 188 3129 ὄνομα
221 3039 301 3130 μετά
337 3038 488 3130 άμυδράς
524 3042 680 3120 ἐπινοίας.
736 3037 848 3109 οὐσῶν
882 3039 923 3130 δὴ
961 3045 1095 3110 πολλῶν

76 3147 208 3219 ου’σιῶν
243 3148 299 3216 καὶ
334 3150 467 3216 πολλῶν
502 3146 592 3216 πάνυ
629 3150 845 3238 δημιουργῶν
881 3151 941 3216 τοτ’
978 3155 1093 3234 τρίτου

167 3395 184 3444 ὁ
209 3403 288 3443 τισιν,
306 3381 443 3440 άπίθανα
465 3389 545 3452 Rsk„
574 3402 650 3441 τισιν
673 3382 707 3441 τό
726 3379 842 3442 πιθανὰ
864 3389 936 3452 Pet„
965 3403 1022 3439 τισι
1045 3405 1094 3438 ιιι-

76 3453 167 3511 vav&
184 3476 202 3511 v
246 3518 257 3539 ,
270 3459 301 3509 11
320 3454 447 3539 γρᾳδίων
464 3458 567 3523 scripsi
583 3473 632 3537 ρμο
650 3454 789 3525 γραϊδίων
875 3458 907 3508 18
930 3449 964 3508 οά
982 3451 1037 3523 γάρ
1056 3454 1093 3525 Η]

79 3518 156 3581 οὖδὶ
172 3542 202 3591 v,
221 3520 293 3579 ουδὲ
310 3542 366 3593 γαρ
383 3524 451 3577 ΒεΙτ.
520 3526 554 3575 24
571 3518 642 3577 ουδὲ
659 3525 697 3590 Η]
715 3518 783 3577 οὔτι

77 3628 189 3671 nuum
213 3628 240 3679 1..
351 3668 354 3673 ,
792 3613 827 3661 14
