2392 3960
142 152 186 215 48
447 152 591 213 ιοιιααι
613 151 859 205 αωοωαυοωιε

144 280 322 368 τυράννων
354 276 514 367 ῶμότητα.
559 279 629 347 ἐπεὶ
657 278 695 347 δὲ
726 274 744 347 ὁ
772 278 888 369 καιρὸς
919 280 1029 349 ἐκάλει
1061 302 1159 373 στρα·

143 386 317 472 τεύεσθαι,
349 386 451 455 πάλιν
482 385 686 473 έφειστήκεις
718 384 829 466 δεινὸς
855 388 901 479 τῷ
928 386 1096 479 τυράννφ.
1140 384 1157 459 δ

145 492 183 560 δὲ
219 494 445 580 προυβάλλετο
481 489 540 572 τὰς
574 489 708 560 Ἰταλῶν
750 497 952 580 δυσχωρίας,
994 494 1051 561 καλ
1092 508 1159 577 τοῖς

145 595 238 686 ὄρεσι
269 612 340 679 τοῖς
376 601 445 666 ἐκεῖ
478 596 632 686 καθάπερ
668 604 793 686 θηρίον
829 598 1068 687 ἐναποκρύψας
1103 598 1159 683 τάς

145 704 305 791 δυνάμεις
337 702 437 784 αὐτὸς
469 700 550 772 οὐδὲ
585 699 768 792 ὑπαίθριος
805 704 924 792 ἐτόλμα
957 706 1180 795 στρατεύειν.ι

98 822 126 878 D
146 807 326 898 ἀναλαβῶυ
354 811 390 879 δὲ
409 805 516 879 αὑτὸν
535 815 582 890 είς
607 808 669 898 τὴν
687 817 830 897 πλησίον
848 810 947 879 πόλιν
974 816 1159 901 τρυφῶσαν

144 917 201 985 καί
228 920 404 1004 πολυτελῆ,
432 920 469 985 έν
487 917 694 1005 πανηγύρεσι
722 908 944 1005 καὶτρυφαῖς
972 923 1083 1007 ἔτριβε
1100 918 1159 989 τὸν

145 1022 279 1110 χρόνον,
308 1019 460 1111 ἀρκέσειν
478 1022 540 1109 μὲν
567 1019 658 1113 αὑτῶ
677 1020 760 1109 πρὸς
786 1028 955 1111 σωτηρίαν
981 1026 1051 1091 τῶν
1069 1020 1158 1114 ὀρῶν

145 1127 207 1215 τὴν
245 1133 437 1215 δυσχωρίαν
473 1128 579 1215 μόνον
616 1127 775 1216 οἰόμενος.
825 1125 1008 1209 ἀκόλαστος
1040 1128 1080 1198 δδ
1112 1126 1158 1199 ῶν

145 1234 247 1322 φύσει
275 1239 463 1323 κερδαίνειν
491 1231 572 1325 ῶετο
591 1233 628 1303 τὸ
648 1242 839 1323 χαρίζεσθαι
866 1249 939 1314 ταῖς
965 1236 1160 1325 ἐπιθυμίαις
1185 1274 1186 1292 ¹

145 1343 182 1407 έν
209 1339 382 1420 τοσούτοις
408 1355 538 1425 κακοῖς,
571 1341 672 1427 δῆλός
699 1368 733 1409 τε
760 1331 804 1427 ἦν
831 1346 908 1408 λίαν
934 1340 1159 1423 πεπιστευκῶς

145 1442 304 1533 ἀσφαλῶς
332 1443 422 1538 αύτῷ
449 1444 490 1514 τά
517 1446 666 1534 παρόντα
694 1453 781 1535 ἔχειν
808 1442 1097 1535 ἀποτειχιζομένης
1124 1450 1159 1517 ἐν

92 1572 126 1620 39
145 1551 255 1642 κύκλῳ
283 1554 341 1639 της
366 1549 504 1632 Ἰταλίας
530 1567 600 1633 τοῖς
618 1550 720 1640 ὄρεσι,
748 1551 836 1640 πλὴν
854 1549 938 1620 ὅσον
956 1555 989 1634 ἐξ
1007 1549 1160 1642 ἡμισείας

144 1654 164 1745 ἡ
205 1657 361 1726 θάλασσα
400 1658 591 1746 τεναγώδης
633 1650 719 1727 οὖσα
758 1660 815 1726 καλ
854 1673 924 1738 τοῖς
960 1664 1159 1746 Αίγυπτίων

144 1765 254 1831 ἕλεσιν
286 1762 431 1852 ἐμφερὴς
462 1760 589 1850 ἀβατον
615 1765 672 1832 καί
704 1771 801 1852 νηίτη
829 1767 958 1856 στρατῶ
990 1774 1194 1855 πολεμίωνω

123 1865 280 1957 ,ἀνδρῶν
316 1876 525 1957 καθίστησιν.
570 1866 642 1938 ἀλλ’
678 1875 785 1939 ἔοικεν
822 1867 902 1938 οὐδὲ
934 1874 972 1938 ἓν
1003 1867 1025 1959 ἡ
1057 1872 1162 1960 φύσις

144 1972 228 2065 πρὸς
247 1972 371 2064 ἀνδρὸς
394 1973 515 2065 ἀρετὴν
537 1978 592 2045 καὶ
611 1976 840 2066 σωφροσύνην
866 1989 937 2057 τοῖς
964 1972 1162 2061 ἀκολάστοις

144 2082 200 2149 καί
233 2087 355 2161 δειλοῖς
387 2088 492 2171 ἔρυμα
524 2083 796 2170 μηχανήσασθαι,
828 2082 937 2150 πάντα
968 2077 1161 2174 ὑποχωρεῖν

145 2187 310 2275 φρονήσει
350 2186 431 2275 μετά
473 2186 631 2278 ἀνδρείας
671 2188 810 2276 έπιούση
846 2189 1160 2277 παρασκευάζουσα·

144 2292 244 2361 πάλαι
271 2320 307 2362 τε
333 2289 415 2381 ἡμῖν
442 2296 559 2382 έξηῶρε
586 2291 645 2374 τάς
671 2295 803 2381 τέχνας,
832 2290 878 2361 δι’
909 2285 958 2362 ῶν
984 2300 1033 2377 είς
1060 2294 1195 2367 τύπω-κ

104 2404 224 2487 Βρίαν
254 2402 323 2467 τῶν
359 2402 440 2479 τέως
476 2399 648 2480 δοξάντων
679 2396 816 2488 ἀπόρων
853 2402 1071 2489 κατέστημεν,
1103 2404 1161 2473 καλ

145 2505 198 2571 ἐπὶ
230 2507 298 2572 τῶν
329 2501 409 2572 καθ’
444 2507 584 2575 ἕκαστον
615 2511 724 2595 ἔργων
756 2505 793 2575 τὸ
821 2515 956 2587 πολλοῖς
987 2503 1161 2579 ἀδύνατον

143 2607 230 2677 εἶναι
259 2609 466 2697 φαινόμενον
493 2611 747 2699 έπιτελούμενον
769 2610 853 2700 πρὸς
876 2609 1001 2703 ἀνδρὸς
1022 2612 1160 2704 σῶφρο-

143 2742 211 2795 υος.
258 2711 275 2783 δ
304 2713 346 2802 δὴ
374 2716 430 2783 καὶ
457 2716 531 2784 τότε
557 2731 628 2798 τοῖς
655 2723 779 2806 ἔργοις,
812 2709 838 2786 ῶ
866 2720 1019 2807 βασιλεύ,
1047 2720 1163 2801 δείξας

144 2820 279 2902 εἰκότως
307 2817 350 2889 ἀν
377 2818 554 2909 ἀποδέχοιο
573 2820 652 2903 τοὺς
680 2820 730 2891 ἐπ’
762 2820 851 2916 αὐτῷ
875 2824 1004 2911 λόγους.
1039 2824 1158 2913 έστρά-

143 2951 235 3007 τινες
262 2926 323 3014 μὲν
351 2925 414 3015 γάρ
448 2924 549 3008 αὐτὸς
576 2925 773 3018 ὑπαίθριος,
800 2932 857 2998 καλ
883 2933 988 2999 ταῦτα
1014 2934 1162 3018 πλησίον

211 3167 227 3214 2
245 3157 342 3224 δεινὸς
359 3162 394 3229 V]
414 3163 516 3225 δεινῶς
533 3182 565 3231 v,
585 3158 688 3226 δεινῶς
707 3166 770 3232 (sic)
788 3170 818 3220 M
885 3169 901 3219 6
924 3159 1014 3221 αύτδν
1031 3168 1093 3221 VM
1143 3171 1161 3221 8

145 3224 221 3283 αύτῶ
240 3231 299 3280 VM
368 3234 398 3280 11
418 3232 486 3284 λίαν
502 3247 616 3286 πεπιστ.
633 3231 668 3299 V]
686 3249 799 3287 πεπιστ.
817 3236 882 3287 λίαν
951 3238 983 3288 13
1000 3238 1064 3297 τοῖς
1081 3228 1161 3304 ὄρεσι

143 3296 177 3364 V]
200 3288 339 3375 &adstote
357 3289 435 3362 ὄρεσι
505 3301 537 3350 18
559 3295 656 3351 πάντα
674 3297 707 3354 δὲ
725 3302 751 3353 V
818 3306 852 3354 20
874 3297 976 3368 ίξηῦρε
998 3302 1037 3371 H]
1060 3297 1161 3369 ἐξεῦρε

146 3369 177 3417 21
197 3364 346 3430 δοξαντων
364 3358 480 3431 ἀπόρων
498 3365 532 3433 V]
552 3361 669 3435 ἀπόρων
687 3362 834 3434 δοξάντων
861 3370 866 3436 Ι
891 3369 1073 3437 κατέστημεν
1089 3368 1160 3439 VM]

144 3430 326 3499 καθέστηκεν
373 3436 406 3485 22
424 3428 456 3484 τδ
471 3437 532 3493 τοῖς
549 3437 666 3497 πολλοῖς
682 3438 710 3488 Η
753 3441 786 3489 23
804 3439 871 3490 Post
889 3432 1073 3505 φαινόμενον
1090 3438 1160 3493 nuk.

144 3495 273 3566 ἐπέδειξε
291 3506 372 3568 putat
390 3501 526 3553 excidisse
