2392 3960
105 137 169 202 250
405 135 548 188 ιουιιιιι
569 136 818 189 ιιιειοοινοοιε

105 294 192 354 γων,
226 259 276 345 οἷς
307 263 414 332 πάντα
447 265 575 332 ἐσθίειν
607 263 709 352 νόμος
742 259 786 343 ὡς
822 263 950 351 λάχανα
982 263 1121 353 χόρτου·

106 378 277 461 γνωρίζεις
309 368 400 458 οἶμαι
427 373 496 438 τῶν
524 375 712 439 Γαλιλαίων
743 367 783 438 τά
811 369 950 459 ῥήματα.
995 375 1121 461 μικροῦ

107 505 146 566 με
173 480 347 566 παρῆλθεν
374 481 494 563 εἰπεῖν,
523 473 574 545 ὅτι
602 477 658 545 καὶ
684 476 806 557 πάντες
833 473 1011 565 άνθρωποι
1037 485 1121 566 πλη-

54 591 188 659 193σίον
225 585 395 663 οἰκοῦντες
430 582 610 670 θαλάττης,
651 579 716 671 ἤδη
754 584 794 652 δέ
826 608 915 664 τινες
954 584 1011 653 καὶ
1053 586 1123 660 τοῖν

106 690 236 780 πόρρω,
273 687 353 758 οὐδὲ
393 688 621 778 θερμηναντες
660 691 935 778 καταρροφοῦσιν
975 691 1148 777 ἐχίνους,ι

107 795 227 886 ὄστρεα
254 797 310 865 καὶ
340 795 450 865 πάντα
477 792 589 876 ἁπλῶς
619 793 660 864 τά
685 798 835 864 τοιαῦτα·
867 793 936 864 εἶτα
965 797 1121 878 ’ἐκείνους

107 903 168 992 μὲν
195 899 442 991 ὑπολαμβάνεις
469 902 643 991 ζηλωτούς,
671 899 793 972 άθλιον
811 902 849 971 δὲ
871 903 927 972 καὶ
954 901 1125 994 βδελυρόν

106 1007 172 1099 ἡγῇ
205 1011 369 1098 Διογένη,
407 1010 462 1077 καὶ
499 1005 562 1078 ούκ
594 1011 735 1095 ἐννοεῖς,
772 1003 818 1089 ως
854 1005 957 1078 οὐδὲν
994 1012 1124 1098 μᾶλλον

107 1120 212 1185 ταῦτα
231 1118 369 1184 ἐκείνων
397 1116 465 1182 ἐστὶ
484 1121 618 1202 σαρκία·
645 1112 733 1203 πλὴν
752 1124 832 1195 ἴσως
849 1118 953 1184 ταῦτα
981 1118 1136 1185 ἐκείνων

109 1223 261 1312 διαφέρει
292 1224 339 1312 τῷ
366 1218 406 1289 τά
433 1221 495 1308 μὲν
527 1218 613 1290 εἶναι
645 1222 816 1310 μαλθακά,
848 1220 888 1290 τά
916 1220 954 1290 δέ
981 1221 1123 1312 σκληρά·
1137 1251 1161 1292 ιι

108 1356 194 1417 τερα.
237 1325 377 1415 άναιμος
403 1330 490 1413 γοῦν
508 1330 576 1396 ἐστι
594 1330 651 1397 καὶ
669 1327 841 1409 πολύπους
861 1325 971 1418 ὥσπερ
1001 1330 1124 1416 ἐκεῖνα,

69 1440 243 1522 Βέμιγυχα
270 1435 310 1503 δέ
340 1436 408 1502 ἐστι
439 1436 496 1503 καὶ
527 1432 568 1502 τά
600 1431 849 1525 ὀστρακόδερμα
880 1433 1034 1524 καθάπερ
1067 1436 1125 1504 καὶ

110 1532 221 1621 οὗτος·
257 1538 372 1628 ἥδεται
405 1543 491 1626 γοῦν
522 1542 578 1609 καὶ
610 1549 775 1628 λυπεῖται,
807 1538 826 1611 ὃ
858 1543 928 1610 τῶν
964 1541 1126 1630 ἐμψύχων

109 1647 251 1735 μάλιστά
288 1649 378 1715 ἐστιν
411 1651 509 1716 λ’διον.
542 1649 731 1734 -ἐνογλείτω
769 1647 807 1717 δὲ
841 1645 949 1736 μηδὲν
984 1642 1072 1736 ἡμᾶς
1102 1644 1124 1738 ἡ

109 1750 308 1841 Πλατωνικὴ
341 1756 448 1822 τανύν
480 1751 561 1834 δόξα
589 1758 719 1841 ἔμψυχα
751 1750 1041 1842 ὑπολαμβάνουσα
1068 1755 1160 1844 καὶσ

108 1858 150 1928 τὰ
177 1859 276 1947 φυτά.
322 1856 394 1927 ἀλλ’
425 1856 475 1929 ότι
503 1858 564 1947 μέν
583 1857 626 1929 ού
653 1858 795 1948 χαλεπὸν
819 1856 900 1930 ούδέ
926 1859 1125 1953 παράνομον

110 1963 193 2035 ούδέ
220 1963 390 2053 ἀσύνηθες
417 1962 499 2054 ύμῖν
526 1961 544 2035 ὁ
568 1980 723 2053 γενναῖος
750 1966 927 2056 εἰργάσατο
945 1968 1127 2059 Διομένης,

109 2079 141 2142 εί
176 2071 221 2161 μὴ
256 2075 303 2164 τῷ
340 2074 547 2165 σκληροτέρφ
584 2075 640 2141 καὶ
678 2074 913 2165 μαλακωτέρφ,
949 2068 1073 2164 ἡδονῇ,
1090 2100 1131 2145 τε.

110 2182 232 2267 λαιμοῦ
259 2180 315 2247 καὶ
343 2175 444 2270 άηδίηι
471 2177 513 2247 τὰ
539 2179 677 2248 τοιαύτά
703 2206 752 2261 τις
775 2178 925 2266 ἐξετάζοι,
951 2179 1131 2271 πρόδηλωυ,

71 2283 204 2374 ῖοίμαι
229 2300 299 2366 τοῖς
327 2280 486 2355 ὁπωσοῦν
513 2288 655 2356 ἕπεσθαι
686 2284 775 2380 λόγφ
805 2287 1019 2375 δυναμένοις,
1061 2283 1160 2378 οίυιμ

110 2389 176 2481 άρα
203 2389 265 2480 την
298 2388 497 2480 ύμοφαγίαν
528 2392 749 2480 βδελύττεσθε
774 2398 813 2476 οἱ,
831 2390 881 2463 ’τά
907 2393 1128 2484 παραπλήσια

110 2501 269 2587 δρῶντες,
303 2495 366 2567 ούκ
393 2500 446 2567 ἐπὶ
478 2501 546 2567 των
578 2496 731 2587 άναίμων
762 2498 869 2588 μόνον
901 2497 1009 2592 ζῴων,
1042 2497 1126 2587 ἀλλὰ

109 2605 166 2672 καὶ
194 2604 247 2672 ἐπὶ
275 2607 344 2673 τῶν
372 2598 453 2692 αἷμα
480 2605 634 2694 ἐχόντων.
670 2606 726 2675 καῖ
752 2605 861 2698 τούτῳ
880 2605 919 2676 δὲ
946 2614 1028 2688 ἴσως
1051 2611 1122 2676 δια-

111 2712 257 2799 φέρεσθε
288 2706 372 2799 πρὸς
399 2712 542 2799 ἐκεῖνον,
575 2709 626 2781 ὅτι
653 2708 671 2780 ὁ
700 2711 762 2800 μὲν
794 2707 906 2794 ἁπλῶς
935 2715 1041 2783 ταῦτα
1068 2712 1122 2801 κρῖ

109 2814 193 2885 κατὰ
229 2816 335 2904 φύσιν
371 2814 467 2911 ᾠήθη
504 2821 624 2908 χρῆναι
661 2819 930 2908 προσφέρεσθαι,
968 2814 1046 2889 άλσῖ
1086 2816 1122 2889 δέ

110 2918 205 3010 ύμεῖς
231 2925 287 2992 καῖ
318 2933 454 3006 πολλοῖς
485 2922 598 3006 άλλως
625 2921 827 3016 άρτύσαντες
858 2921 984 3014 ἡδονῆς
1016 2926 1122 3013 ἕνωηα,

180 3155 327 3230 1λάγανα
351 3183 400 3231 γορ
377 3159 463 3232 ’του]
488 3165 532 3216 cf.
551 3165 677 3218 Iulianus
700 3183 746 3245 ap..
766 3165 864 3230 Cyrill.
883 3182 910 3248 p.
928 3167 1016 3219 2381)
1040 3164 1123 3220 3140

111 3230 325 3349 2Γαλιλαίων]
345 3232 388 3284 Of.
407 3232 507 3284 Genes.
525 3237 551 3295 9
569 3237 585 3285 3
610 3233 615 3298 Ι
641 3233 746 3352 μικροῦ
763 3232 802 3302 Η]
826 3229 931 3316 μικρὸν
998 3226 1124 3290 Βούδλν

111 3298 163 3377 H]
167 3291 258 3350 ούθέν
313 3304 344 3352 10
362 3295 505 3420 διαφέρει
517 3298 553 3367 Η]
574 3295 663 3368 διαφέ
664 3317 725 3422 ρειν
794 3306 827 3354 13
845 3290 930 3384 ρύτοφ
947 3299 987 3367 Η]
1006 3299 1095 3357 τοῦτο
1117 3302 1122 3367 Ι

111 3365 181 3434 γοῦν
200 3364 237 3451 HJ
258 3355 311 3420 οόν
381 3371 414 3420 14
410 3363 523 3448 μηδ
542 3366 578 3436 Η]
597 3364 696 3435 μηθὲν
766 3373 797 3422 16
820 3361 869 3453 ού]
888 3386 952 3423 ουτι
969 3371 1011 3432 Η,
1030 3370 1124 3425 malim

111 3438 197 3555 ρῖτίριιι
215 3435 321 3502 αλογον
339 3426 424 3488 vel*
403 3452 513 3489 ατοιιον
530 3452 579 3502 pro
598 3429 728 3503 χαλεπὸν
786 3441 818 3492 18
835 3431 942 3507 ἡδονῇ]
962 3435 1013 3490 καλ
1030 3432 1124 3509 ἡδοη

137 3520 149 3552 s
