2370 3908
20 34 101 193 Γ

497 173 632 226 ORATIO
650 173 686 227 II.
1050 173 1089 235 91

65 324 174 373 στατο
200 302 352 381 πεισθεὶς
379 303 420 389 τῇ
448 301 542 389 φήμη
560 303 622 368 τοῦ
648 299 806 387 μάντεως,
833 296 1005 381 ἀσπασίως
1023 305 1090 369 διε-

66 410 163 496 λύθη
191 409 248 477 καί
276 413 380 476 ἔδωκε
408 408 512 497 δῶρα,
540 404 601 475 τὸν
627 406 782 475 θάνατον
804 404 963 493 ἔκφυγῶν
990 404 1131 493 άσμέ-Β

67 536 153 597 νως·
181 513 335 583 καθόλου
364 512 401 582 δὲ
430 519 545 600 εἰπεῖν,
574 512 762 600 φεύγουσιν
789 514 899 582 ἕπεται
925 517 1090 603 θρασέως,

68 631 180 702 οιίτιος
208 621 249 689 δέ
273 622 364 689 ἔστιν
393 617 547 707 οὐδαμοῦ
565 624 661 707 νίκης
683 620 740 687 καὶ
767 623 902 708 τροπῆς,
929 619 1018 707 πλὴν
1036 616 1091 688 ὅτε

38 772 54 815 ο
150 747 281 832 πρῶτος
308 741 449 830 ἐσήλατο
476 757 583 829 τεῖχος
608 739 748 829 Ἀχαιῶν

66 865 132 950 ξδν
169 869 216 958 τῷ
248 865 456 956 Σαρπηδόνι.
501 865 646 953 πότερον
683 857 746 933 οὖν
783 860 827 945 ῶς
864 863 928 934 αύκ
960 871 1091 952 ἔχοντες

67 974 273 1062 τηλικοῦτον
291 978 391 1062 ἔργον
414 972 576 1060 βασιλέως
601 967 859 1059 εύλαβησόμεθα
876 970 936 1040 τὸν
965 968 1090 1058 άγῶνα,

68 1080 115 1169 μή
148 1104 229 1148 ποτε
266 1076 331 1169 ἄρα
369 1077 469 1168 μικρὰ
506 1076 661 1165 μεγάλοις
697 1079 753 1146 καὶ
790 1080 904 1166 φαῦλα
942 1081 1090 1165 σπουδῆς

66 1183 176 1267 άξίοις
202 1190 352 1272 μείζονος
384 1186 608 1273 παρατιθέναι
636 1184 800 1272 δόξωμεν,
833 1180 854 1270 ἢ
881 1184 1129 1272 τολμησομενο

20 1282 55 1363 ΙΙω
67 1293 126 1362 καὶ
146 1289 231 1381 πρός
251 1293 450 1378 τηλικοῦτον
470 1297 571 1380 ἔργον
590 1286 810 1378 όιμιλλάσθαις
836 1287 963 1360 ούκοῦν
982 1293 1088 1359 ἐκεῖνο

66 1397 132 1487 μὲν
168 1388 212 1484 ἦν
247 1395 285 1466 τὸ
322 1411 430 1484 τεῖχος
465 1393 548 1486 ὑπὲρ
581 1399 640 1485 τῆς
672 1394 788 1486 ᾐόνος,
827 1400 863 1465 ἔν
903 1392 984 1466 οὐδὲ
1022 1394 1088 1489 ὅλῳ

64 1506 116 1597 τῷ
135 1501 200 1592 πρὸ
229 1509 435 1593 μεσημβρίας
453 1503 563 1595 χρόνῳ
584 1505 817 1589 συντελεσθέν,
846 1499 984 1584 ὁποίους
1008 1499 1089 1591 ἡμῖν

66 1608 148 1691 τούς
174 1609 322 1700 χάρακας
348 1615 494 1697 ἔννομον
521 1609 839 1692 κατασκευάζεσθαι·
872 1608 910 1678 τὸ
940 1609 977 1677 δὲ
1004 1605 1088 1698 ὑπὲρ

66 1718 137 1786 τῶν
166 1712 317 1784 ’Ἄλπεων
349 1731 455 1804 τεῖχος
490 1715 634 1784 παλαιόν
666 1743 701 1785 τε
737 1707 781 1804 ἦν
818 1715 1000 1806 φρούριον,
1033 1716 1089 1784 καὶ

24 1818 161 1915 εοκύτῶ
193 1825 311 1912 χρῆται
343 1820 424 1909 μετὰ
455 1820 518 1910 τὴν
555 1821 670 1910 φυγὴν
703 1818 721 1890 ὁ
759 1821 940 1912 τύραννος,
978 1821 1088 1910 ῶσπερ

65 1927 176 2018 ἔρυμά
202 1954 234 1995 τι
261 1927 420 2017 νεουργές
447 1925 626 2015 ἀποφήνας
643 1929 700 1996 καὶ
728 1926 905 2016 ἀξιόλογον
932 1927 1089 2019 φρουράν

64 2032 245 2104 ἆκολιπῶν
277 2035 476 2125 ἐρρωμένων
503 2031 648 2123 ἀνδρῶν.
695 2030 776 2102 ούδέ
804 2032 907 2114 αὐτὸς
935 2031 980 2115 ῶς
1006 2055 1132 2123 πορ-Ι)

64 2141 204 2231 ρωτάτω
236 2141 426 2231 πορεύεται,
464 2146 559 2228 ἔμενε
592 2139 629 2208 δὲ
668 2141 705 2217 ἐν
736 2142 777 2229 τῇ
810 2145 953 2228 πλησίον
985 2139 1087 2209 πόλει.

66 2253 140 2317 ἔστι
168 2245 206 2315 δὲ
230 2243 365 2316 Ἰταλῶν
393 2246 553 2337 ἐμπόριον
580 2244 665 2337 πρὸς
684 2246 832 2334 θαλάττῃ
859 2245 947 2334 μάλα
975 2244 1087 2316 εὔδαι-

20 2384 51 2429 ιο
64 2381 135 2443 μον
153 2353 208 2421 καὶ
235 2353 369 2444 πλούτῳ
388 2353 505 2443 βρύον.
542 2354 686 2443 φέρουσι
704 2350 768 2443 γὰρ
787 2354 946 2421 ἐντεῦθεν
966 2358 1087 2440 φορτία

63 2460 186 2531 Μυσοὶ
213 2460 269 2527 καὶ
288 2465 434 2540 Παίονες
460 2460 516 2528 καὶ
543 2462 612 2527 τῶν
637 2456 772 2530 Ἰταλῶν
800 2454 919 2528 ὁπόσοι
946 2457 1008 2547 τὴν
1031 2487 1086 2547 με-

63 2566 211 2652 σόγαιαν
246 2569 475 2652 κατοικοῦσιν,
504 2561 629 2634 Ἐνετοὶ
662 2564 699 2634 δὲ
732 2564 824 2653 οἶμαι
861 2563 899 2634 τὸ
936 2565 1087 2655 πρόσθεν

64 2669 289 2761 ῶνομάζοντο.
335 2675 402 2740 νῦν
430 2670 466 2740 δὲ
493 2668 560 2760 ἤδη
575 2667 747 2759 Ῥωμαίων
774 2672 833 2752 τδις
856 2671 966 2754 πόλεις
993 2672 1087 2760 ἐχόν-

64 2806 137 2849 των
163 2776 201 2847 τὸ
229 2777 290 2866 μὲν
319 2780 352 2860 ἐξ
380 2775 482 2868 ἀρχῆς
510 2776 618 2866 όνομα
646 2776 790 2860 σώζουσι
818 2785 957 2870 βραχείᾳ
983 2799 1086 2868 προσ-

22 2885 160 2974 ιεθηκη
197 2885 389 2974 γράμματος
421 2886 458 2953 ἐν
495 2881 579 2975 ἀρχῇ
612 2887 671 2972 τῆς
709 2886 911 2971 ἐπωνυμίας·
948 2891 1018 2953 ἔστι
1050 2885 1087 2954 δὲ

65 2989 176 3061 αὐτοῦ
203 2990 376 3078 σύμβολον
403 2988 570 3080 χαρακτὴρ
599 2984 656 3077 εἷς,
686 2986 888 3079 ὀνομάζουσι
918 2991 954 3059 δέ
982 2988 1088 3061 αὐτὸν
1107 3015 1140 3064 ‘12

65 3095 124 3185 οὔ,
151 3098 208 3167 καὶ
235 3100 381 3187 χρῶνται
410 3093 484 3164 άντὶ
510 3098 572 3165 τοῦ
601 3099 686 3185 βῆτα
713 3097 871 3178 πολλάκις
897 3099 1087 3187 προσπνεύ-

66 3225 153 3285 σεως
181 3201 273 3291 οἶμαι
304 3201 396 3284 τινὸς
427 3205 524 3271 ἕνεκα
556 3203 612 3270 καὶ
647 3203 813 3291 ἰδιότητος
843 3206 902 3291 τῆς
934 3203 1088 3293 γλῶττης.

136 3344 311 3420 λῶτμένως]
330 3355 426 3405 Malim
444 3343 569 3417 άομενος
638 3354 654 3404 ὅ
673 3351 754 3409 Iliad.
773 3370 802 3418 μ,
819 3352 888 3417 4381
912 3345 1051 3419 ἔσήλλατο
1062 3357 1088 3407 V

67 3412 175 3486 θύειν
192 3424 218 3474 V
287 3423 318 3472 11
336 3415 423 3487 ᾐόνος
441 3417 480 3487 Η]
501 3411 601 3487 ἠϊόνος
654 3424 686 3471 12
705 3419 904 3488 μεσηβρίαςν
972 3423 1005 3470 22
1023 3438 1088 3474 κατ-

67 3488 183 3543 οικοῦσι
200 3488 226 3539 V
250 3487 255 3554 Ι
278 3480 371 3541 ἔνετοί
389 3490 450 3542 VM
526 3490 560 3539 27
579 3477 615 3539 ού
633 3485 671 3554 Μ]
697 3484 734 3540 ου’
806 3491 839 3540 28
862 3482 948 3538 §mm
966 3503 1018 3540 om.
1036 3488 1087 3557 Vl

68 3553 122 3624 τῆς
138 3547 267 3625 γλώττης
285 3554 353 3622 VM]
373 3552 499 3625 γλώττης
