2392 3960
491 180 627 232 ουουιο
645 181 693 233 1v.
1036 183 1100 248 203

82 311 213 398 σθῆναι
243 307 437 397 θεαμάτων,
470 304 553 377 άλλά
588 323 659 390 τοῖς
690 315 849 399 Κρονίοις
882 301 958 378 οὖσι
989 319 1099 380 τελευ-

81 422 191 498 ταίοις
216 411 323 496 εὐθὺς
356 414 515 484 συνάπτει
547 413 630 484 κατά
661 414 722 485 τὸυ
749 415 873 485 κύκλον
900 414 941 486 τά
963 412 1099 505 Ἡλίεια,

82 518 105 591 ἃ
138 520 181 611 βῆ
214 521 372 602 πολλάκις
403 549 459 609 μοι
496 526 589 591 δοῖεν
621 526 658 590 οί
686 531 833 611 βασιλεῖς
865 518 1011 613 ὑμνῆσαι
1043 526 1099 593 καὶ

82 630 267 698 ἐπιτελέσαι
293 634 380 715 θεοί,
408 630 464 697 καὶ
491 627 556 718 πρό
585 655 621 715 με
648 632 717 698 τῶν
736 626 846 697 άλλων
874 626 974 712 αὐτὸς
1002 626 1099 718 ὁβα-

54 733 196 817 ῖσιλεάς
223 738 289 804 τῶν
317 731 406 803 ὅλων
425 731 555 821 Ἥλιος,
587 731 606 803 ὁ
633 737 707 824 περὶ
739 733 801 824 τῆν
828 732 980 822 τάχαθοῦ
1007 736 1098 823 γόνι-

80 870 149 930 μον
177 839 299 911 οὐσίαν
326 842 358 922 ἐξ
386 838 500 910 άιὸίου
518 837 697 931 προελθών
714 843 815 930 μέσος
834 844 870 910 έν
897 844 1011 929 μέσοις
1029 858 1099 925 τοῖς

80 963 215 1039 νοεροῖς
241 959 345 1034 θεοῖς,
374 951 518 1036 συνοχῆς
535 975 569 1016 τε
597 944 722 1029 αὐτοὺς
748 947 924 1036 πληρώσας
942 950 998 1017 καὶ
1022 949 1134 1028 κάλ-ι)

80 1063 164 1136 λονς
191 1062 315 1145 μυρίον
341 1055 398 1122 καὶ
425 1059 620 1144 περιουσίας
642 1061 784 1143 μονίμου
803 1057 859 1124 καὶ
882 1061 1011 1124 τελείου
1035 1059 1098 1124 νοῦ

79 1163 139 1231 καὶ
166 1160 303 1230 πάντων
336 1158 471 1250 ἀθρόως
501 1164 570 1229 τῶν
603 1158 744 1246 ἀγαθάν
777 1158 941 1252 άχρόυως,
974 1163 1029 1229 καὶ
1061 1164 1099 1230 ἐν

39 1289 67 1329 10
80 1271 128 1360 τῷ
155 1270 223 1337 νῦν
250 1267 425 1356 ἐλλάμπων
453 1272 500 1348 είς
531 1264 593 1357 τῆν
626 1270 758 1356 ἐμφανῆ
791 1270 895 1356 μέσην
927 1271 989 1337 τοῦ
1015 1295 1097 1337 παν-

79 1373 139 1455 τὸς
166 1371 317 1464 οὐρανοῦ
336 1376 527 1465 φερομένην
555 1377 658 1463 ἕδραν
677 1380 805 1443 οἰκείαν
833 1377 865 1455 ἐξ
893 1371 1018 1461 άιὸίου,
1042 1376 1098 1444 καὶ

80 1478 282 1568 μεταδιδοὺς
299 1485 345 1572 τῷ
374 1482 568 1573 φαινομένῳ
595 1484 695 1550 παντὶ
713 1483 775 1550 τοῦ
793 1483 917 1569 νοητοῦ
945 1480 1098 1567 κάλλους,

80 1586 143 1656 τὸν
170 1586 208 1656 δὲ
236 1584 383 1677 οὐρανὸν
411 1586 586 1676 σύμπαντα
613 1587 790 1677 πληρώσας
816 1587 988 1656 τοσούτων
1006 1590 1099 1657 θεῶν

82 1689 219 1763 ὁπόσων
255 1691 356 1774 αὐτὸς
393 1695 430 1762 έν
461 1695 569 1785 ἑαυτῷ
600 1697 726 1783 νοερῶς
762 1701 844 1783 ἔχει,
880 1695 955 1783 περὶ
988 1691 1150 1772 αὐτὸνιετ

41 1796 266 1890 ιῠάμερίστως
291 1801 560 1888 πληθυυομένωυ
587 1802 642 1870 καὶ
672 1803 826 1897 ἕνοειδως
853 1797 943 1892 αὐτῷ
972 1821 1096 1889 συνημ-

81 1908 204 1996 μένων,
233 1904 275 1975 οὐ
302 1905 369 1995 μὴν
397 1903 481 1975 άλλά
512 1909 568 1976 καὶ
594 1905 655 1975 τὸν
683 1902 748 1975 ὑπὸ
780 1905 843 1994 τῆν
871 1907 1015 1995 σελήνην
1042 1907 1096 1976 τό-

80 2039 147 2083 που
181 2011 237 2082 διά
268 2016 327 2100 τῆς
358 2010 561 2100 άειγενεσίας
592 2015 744 2101 συνέχων
779 2014 835 2082 καλ
867 2016 935 2080 τῶν
967 2016 1097 2082 ἐνδιδο-

80 2120 193 2209 μένων
221 2123 257 2189 ἐκ
288 2123 349 2188 τοῦ
382 2123 542 2189 κυκλικοῦ
579 2120 730 2207 σώματος
761 2116 916 2206 ἀμαθῶν,
950 2120 1097 2206 ἐπιμελό-

81 2227 182 2316 μενός
208 2254 243 2295 τε
270 2229 331 2294 τοῦ
359 2229 477 2295 κοινοῦ
503 2229 571 2295 τῶν
599 2223 791 2316 ἀνθρώπων
815 2226 936 2310 γένους
965 2231 1036 2317 ίδίμ
1063 2254 1098 2295 τε

43 2336 141 2422 τοτῆς
167 2328 327 2422 ἡμετέρας
353 2333 494 2419 πόλεως,
528 2330 638 2422 ὥσπερ
671 2324 735 2401 οὖν
766 2333 821 2402 καὶ
848 2330 910 2420 τῆν
937 2327 1098 2420 ἡμετέραν

80 2443 115 2522 ἐξ
144 2437 257 2509 άιδίου
276 2438 387 2528 ψυχῆν
415 2435 612 2527 ὑπέστησευ,
640 2436 769 2508 ὀπαδὸν
788 2436 964 2526 άποφῆνας
983 2433 1097 2507 αὑτοῦ,

80 2546 187 2616 ταῦτά
214 2573 249 2615 τε
281 2538 360 2632 οὖν,
393 2542 455 2614 ὅσα
488 2548 594 2638 μικρῷ
626 2545 778 2635 πρόσθεν
810 2542 976 2633 ηὐξάμην,
1010 2549 1133 2633 δοίηΒ

79 2655 138 2723 καὶ
167 2659 213 2721 έτι
241 2655 337 2742 κοινῆ
365 2651 427 2740 μέν
457 2655 497 2742 τῆ
524 2653 618 2721 πόλει
649 2650 711 2740 τῆν
743 2653 964 2739 ἐνδεχομένην
991 2649 1097 2721 άιὸιό-
1178 2642 1184 2651 ’

80 2786 164 2847 τητα
196 2757 264 2847 μετ’
300 2755 435 2839 εὐνοίας
465 2761 621 2848 χορηγῶν
654 2758 830 2848 φυλάττοι,
862 2753 943 2846 ἡμῖν
975 2758 1013 2827 δέ
1045 2760 1098 2827 ἐπὶ

38 2888 66 2929 2⁵
80 2868 248 2936 τοσοῦτον
280 2857 319 2934 εὖ
345 2867 466 2954 πρᾶξαι
492 2865 533 2934 τά
560 2893 595 2934 τε
627 2861 828 2956 άνθράπινα
860 2865 916 2932 καὶ
947 2862 988 2932 τά
1019 2875 1098 2933 θεῖα

79 2978 172 3060 δοίη,
201 2969 255 3060 ἐφ’
285 2969 368 3041 ὅσον
395 2975 517 3058 βιῶναι
549 2986 728 3061 συγχωρεῖ,
761 2974 818 3059 ζῆν
851 2969 888 3040 δέ
915 2972 971 3039 καὶ
1000 2972 1098 3058 έμπο-

170 3231 185 3278 2
208 3221 258 3279 τόν
283 3219 389 3279 κάκλον
413 3226 538 3295 MbFG]
562 3222 669 3279 κόκλου
701 3226 706 3291 Ι
734 3220 845 3280 Ἡλίεια
865 3225 993 3293 Οοοεῖοε]
1015 3219 1099 3292 ῆλεια

82 3297 160 3358 libri,
178 3289 247 3361 ῆλια
265 3312 283 3343 v
370 3298 401 3346 12
428 3293 535 3361 νοητοῦ
553 3292 631 3362 libri]
655 3286 748 3348 αὐτοῦ
834 3299 865 3346 14
893 3288 1005 3345 ὁπόσων
1024 3292 1097 3359 libri]

82 3358 210 3423 ὁπόσους
291 3367 322 3415 15
341 3359 529 3445 συνημμένων
546 3363 610 3430 Mb]
631 3360 838 3430 σννηνωμὲνων
918 3363 949 3412 18
968 3353 1098 3437 ἐπιμελό-

82 3447 171 3498 μενος
188 3429 251 3498 Mb]
271 3423 495 3496 ἐπιμελουμενος
564 3433 596 3482 19
613 3447 644 3483 τε
663 3427 727 3497 τοῦ]
747 3427 798 3482 τοῦ
817 3446 847 3482 τε
866 3431 892 3479 II
919 3428 923 3493 ἱ
950 3445 1005 3479 των
1024 3425 1098 3494 libri]

82 3497 137 3551 τοῦ
206 3501 239 3550 23
266 3491 433 3565 ἀιδιότητα]
462 3490 616 3566 άιόιάτητα
643 3491 679 3550 τά
702 3499 779 3561 libri,
809 3489 961 3562 άιδιότητα
987 3492 1098 3563 [mlh

82 3569 119 3619 26
138 3562 240 3633 βιῶσαι
258 3567 365 3618 MbEF
