2392 3960
372 169 573 221 εειεεοτεε
593 172 633 223 55.
653 173 694 222 τε.
714 173 755 222 ει.
776 172 817 222 τε.
1040 169 1103 233 567

84 302 128 390 δή
156 305 210 370 καὶ
237 308 302 372 νῦν
324 306 448 393 βραχέα
471 303 510 372 τά
532 308 590 391 τής
612 304 827 393 προσρήσεως
849 302 909 392 ὑφ’
934 302 1029 392 ἡμῶν
1052 330 1104 391 γε-

85 414 235 498 γένηται,
258 410 336 498 μηδ’
359 411 445 481 οὕτω
469 411 530 480 τὸν
551 409 600 480 ἐπ’
622 409 736 491 αὐτοῖς
753 411 867 491 πόθον
885 409 1104 516 τεκμήριάση,

85 514 159 585 ἀλλ’
187 518 299 604 εἰδώς,
332 516 385 604 ἐφ’
412 517 494 587 ὅσον
523 516 540 587 ὁ
568 515 648 606 παρ’
673 515 770 607 ήμῶν
798 523 881 607 ἐρως
904 517 956 585 ἐπὶ
980 517 1034 585 σοὶ
1056 517 1104 584 τέ-

85 651 197 709 ταται,
229 630 269 714 τῇ
302 625 364 712 μὲν
392 629 453 694 τοῦ
480 623 672 712 γράμματος
696 625 882 712 βραχύτητι.
902 624 1105 713 συγγνώμην

55 755 69 795 5
90 733 180 817 νέμε,
203 745 273 810 τοῖς
296 740 381 810 ἐσοις
404 732 442 800 δὲ
464 729 550 819 ἡμᾶς
566 728 765 817 ἀμείβεσθαι
783 728 827 818 μή
845 730 1007 800 κατόκνει.
1036 735 1105 800 πάν

85 836 151 922 γὰρ
184 834 250 921 ό,τι
282 832 326 904 άν
357 841 472 928 διδῷς,
508 832 572 904 κάν
599 835 720 924 μικρὸν
744 828 782 925 ή,
798 836 945 918 ,παντὸς
967 835 1156 925 άγαθοῦ443

85 942 262 1029 γνιόρισμα
286 939 362 1029 παρ’
389 940 470 1029 ἡμῖν
494 942 599 1024 σώζει.

258 1118 320 1206 νη’.
359 1116 934 1212 ἹονλιανδςἈλεξανδρεξῦσιν.
1043 1130 1052 1145 “

176 1258 308 1348 Ὀβελὸν
336 1259 422 1329 εἶναι
446 1259 522 1349 παρ’
548 1259 630 1349 ὑμῖν
653 1259 764 1330 ἀκούω
788 1268 926 1330 λίθινον
949 1265 996 1341 εἰς
1018 1260 1105 1343 ὕψος

44 1395 72 1434 ιο
89 1366 210 1436 ἐκανὸν
234 1369 435 1455 ἐπηρμένον,
464 1369 516 1435 ἐπὶ
538 1371 597 1455 τής
618 1365 720 1458 η’όνος
742 1366 852 1456 ὥσπερ
876 1365 958 1437 όιλλο
980 1394 1013 1436 τι
1035 1371 1104 1435 τῶν
1124 1380 1145 1433 Β

86 1472 295 1560 ἀτιμοτάτων
315 1475 524 1562 ἐρριμμένον.
548 1474 601 1542 ἐπὶ
619 1478 740 1543 τοῦτον
759 1474 1010 1561 ἐναυπηγήσατο
1028 1475 1151 1544 aud-11⁰

87 1607 153 1667 φος
176 1578 194 1647 ὁ
218 1584 399 1667 μακαρίτης
420 1578 668 1667 Κωνστάντιος,
691 1578 737 1661 ὡς
759 1580 908 1668 μετάξων
931 1577 1036 1649 αὐτὸν
1057 1587 1105 1662 εἰς

85 1686 151 1773 τήν
170 1686 253 1773 ἐμήν
271 1690 415 1775 πατρίδα
429 1692 692 1757 Κωνσταντίνον
710 1686 818 1756 πόλιν.
844 1688 913 1755 ἐπεὶ
929 1689 970 1756 δὲ
989 1690 1103 1780 ἐκείνω

87 1795 213 1880 συνέβη
246 1796 338 1861 θεῶν
371 1793 560 1862 ἐθελόντων
592 1795 733 1862 ἐνθένδε
763 1795 866 1862 ἐκεῖσε
893 1799 1104 1883 πορευθῆναι

46 1932 73 1974 15
88 1899 151 1987 τήν
179 1901 381 1988 εἱμαρμένην
408 1906 560 1989 πορείαν,
591 1897 613 1986 ή
640 1897 736 1979 πόλις
763 1897 895 1968 ἀπαιτεῖ
919 1898 996 1989 παρ’
1022 1904 1104 1989 ἐμοῦ

88 2005 126 2074 τὸ
152 2002 331 2093 ἀνάθημα,
351 2007 469 2093 πατρὶς
491 1998 582 2074 οὖσά
598 2032 664 2093 μον
686 2007 741 2074 καὶ
763 2005 980 2096 προσήκουσα
1001 2009 1105 2077 πλέον

88 2111 173 2198 ήπερ
202 2113 325 2204 ἐκείνω.
371 2110 388 2180 ὁ
413 2111 561 2202 μὲνγὰρ
585 2109 948 2200 αότήνάςάδελφήν,
979 2111 1042 2200 ἐγὼ
1068 2113 1105 2181 δέ

89 2217 136 2296 ὡς
167 2220 291 2309 μητέρα
325 2221 428 2304 φιλῶ·
463 2218 520 2285 καλ
547 2216 611 2305 γδιρ
640 2219 803 2307 ἐγενόμην
829 2216 906 2306 παρ’
938 2215 1021 2307 αὐτῇ
1049 2221 1144 2288 καλθ

89 2329 240 2418 ἐτράφην
263 2332 379 2415 ἐκεῖσε,
411 2324 466 2415 καὶ
495 2321 535 2392 οό
559 2324 706 2414 δύναμαι
728 2325 802 2412 περὶ
825 2323 932 2413 αὐτήν
955 2323 1105 2413 άγνωμο-
1176 2340 1180 2345 “

46 2464 75 2505 εο
90 2442 199 2524 νήσαι.
244 2443 279 2503 τί
303 2428 380 2516 οὗν;
417 2431 531 2519 ἐπειδὴ
558 2435 616 2504 καλ
643 2430 730 2520 ὑμᾶς
756 2431 857 2502 οὐδὲν
884 2438 1022 2501 ἐλαττον
1048 2434 1106 2519 τῆς

91 2548 250 2631 πατρίδος
273 2546 375 2629 φιλῶ,
407 2545 528 2627 δίδωμι
550 2540 606 2608 καὶ
629 2536 706 2626 παρ’
731 2536 813 2626 ὑμῖν
836 2535 1021 2627 άναστήσαι
1043 2540 1106 2626 τήν

90 2654 217 2738 χαλκῆν
252 2649 374 2717 εἰκόνα.
428 2645 602 2732 πεποίηται
639 2646 699 2735 δὲζ
713 2639 853 2735 ἐναγχος
888 2644 1029 2735 ἀνδριάς
1059 2653 1104 2742 τῷ

90 2757 226 2844 μεγέθει
249 2753 456 2842 κολοσσικός,
487 2749 529 2822 ὃν
552 2751 797 2842 ἀναστήσαντες
820 2753 906 2834 ἕξετε
928 2749 1003 2821 άντλ
1027 2752 1106 2823 άνα-

162 2922 174 2968 1
195 2912 232 2984 δή
251 2935 301 2973 om.
319 2917 446 2970 Heidelb.
465 2913 535 2982 3561
559 2907 597 2968 τά
615 2915 666 2981 τής
684 2907 866 2982 προσρήσεως
883 2916 947 2966 Vat.
968 2915 1103 2986 Heidelb]

91 2979 128 3036 τά
147 2976 529 3066 ρης,ψυχήςτιροσρήσεωςἱ
574 2987 596 3062 ,¹
616 2992 644 3034 et
660 2987 677 3034 ‘2
694 2978 847 3063 γεγένητριι
865 2979 904 3065 HJ
924 2977 1043 3050 γένηται
1089 2989 1105 3035 2

91 3050 828 3198 ιιλ,οεσσεσλ)·ηλριιιιηιιῖεαο
844 3067 948 3184 κιαι
974 3046 1105 3171 λεια

91 3207 142 3241 τον
162 3189 186 3239 G
203 3189 297 3240 ottob.
317 3187 361 3254 90]
381 3204 473 3260 τοντμ
493 3192 497 3252 Ι
518 3182 738 3264 ἐναντηγησατμ
757 3185 788 3267 (λ,
800 3186 894 3239 Ottob.
913 3184 957 3254 90]
977 3179 1106 3252 ἐνανπή-

89 3272 163 3324 γησε
217 3260 247 3336 λβ
266 3255 332 3324 μου]
350 3256 445 3307 Malim
463 3273 512 3322 μοι
560 3258 591 3307 19
610 3257 848 3321 ολθθαγνωμων
867 3251 1103 3308 εἷναιθθτιοὶ).

90 3329 126 3377 90
142 3325 146 3387 Ι
162 3323 193 3374 τί
208 3341 261 3376 ονν
283 3325 368 3389 vulgo
390 3324 538 3390 epistolae,
566 3337 636 3390 quae
658 3323 797 3388 sequitur,
821 3322 857 3372 ad
878 3322 1040 3384 Dionysium
1063 3328 1106 3372 est

92 3391 240 3458 praefixum
302 3396 335 3442 20
357 3392 432 3454 Quae
450 3399 600 3459 sequuntur
618 3390 654 3441 ab
673 3381 779 3456 ἐπειδή
794 3405 882 3455 usque
900 3390 935 3440 εδ
952 3388 1031 3440 finem
1049 3390 1105 3454 epi-

93 3461 183 3512 stolae
210 3460 293 3524 vulgo
320 3460 419 3511 desunt
445 3477 462 3511 ε
484 3459 638 3511 Μοτελοτίο
667 3459 752 3524 pn'mo
774 3457 804 3508 in
825 3456 973 3508 Αοεοδολίε
992 3457 1107 3508 Graecis

93 3528 223 3594 suppleta
292 3531 323 3578 21
343 3517 505 3592 ἀναστῆσαι
525 3523 561 3594 Η]
582 3519 745 3590 άναστῆναι
