2392 3960
129 90 193 154 354
432 90 575 140 τυιιευι
595 88 844 139 ιιιεαιιιυοιιιο

131 215 347 306 ἀποκείρουσι
378 214 438 284 τὸν
469 215 630 304 πώγωνα,
661 220 803 303 χλανίδα
831 214 868 284 δέ
896 211 1145 304 ἀμφιεννύουσι

130 326 185 392 καί
215 329 485 411 σχηματίζουσιν,
518 318 563 402 ὡς
589 322 663 391 τότε
690 317 941 410 ὑπελάμβανον,
972 321 1067 391 πάνυ
1093 350 1143 410 γε·

87 440 227 499 Βλοῑον
255 429 468 519 στρατιώτην.
514 425 616 497 οὐδέν
643 427 707 518 γάρ
734 455 792 515 μοι
818 430 881 497 τοῦ
907 432 1144 518 καλλωπισμοῦ

130 539 198 603 τάν
230 535 456 623 καθαρμάτων
488 532 646 624 ἥρμοζεν·
680 533 834 622 ἐβάδιζον
867 532 904 602 δέ
937 530 1000 622 οὐχ
1034 532 1144 626 ὥσπερ

131 645 252 710 ἐκεῖνοι
283 643 537 730 περιβλέποντες
569 641 624 709 καὶ
658 643 854 726 σοβοῦντες,
891 637 964 709 ἀλλ’
999 646 1048 722 είς
1080 645 1164 731 γῆνι

131 749 283 834 βλέπων,
325 743 434 835 ὥσπερ
476 752 633 835 είθίσμην
673 742 740 815 ὑπὸ
782 749 843 814 τοῦ
878 747 1072 836 θρέφαντός
1107 774 1144 836 με
1186 738 1188 745 ’

132 856 359 940 παιδαγωγοῦ.
395 853 469 922 τότε
495 852 557 940 μέν
584 845 649 921 οὖν
676 849 791 933 αὐτοῖς
813 854 981 942 παρέσχον
1007 855 1143 941 γέλωτα,

131 954 251 1049 μικρὸν
280 959 316 1027 δὲ
334 955 476 1048 ὕστερον
494 955 654 1044 ὑποψίαν,
683 956 752 1026 εἶτα
780 955 969 1047 ἀνέλαμψεν
988 954 1006 1027 ό
1025 962 1142 1029 τοσοῦ-

132 1092 188 1145 τος
229 1065 369 1151 φθόνος.
429 1060 501 1132 ἄλλ’
545 1067 695 1133 ἐνταῦθα
735 1064 797 1152 χρὴ
838 1062 883 1152 μὴ
928 1071 1143 1154 παραλείπειν

133 1174 257 1256 ἐκεῖνα,
285 1173 355 1250 πῶς
382 1166 447 1256 ἐγὼ
475 1171 706 1259 συνεχώρησα,
734 1174 803 1251 πῶς
831 1170 868 1240 δέ
900 1169 1040 1259 είλόμην
1066 1166 1171 1260 ὁμου

133 1276 253 1364 ρόφιος
279 1279 418 1356 ἐκείνοις
445 1279 619 1364 γενέσθαι,
654 1272 714 1357 οὓς
740 1273 931 1364 ἠπιστάμην
955 1279 1058 1346 παντί
1085 1280 1142 1366 μέν

80 1398 204 1470 κισμου
232 1383 486 1469 λυμηναμένους
512 1384 558 1475 τῷ
587 1385 685 1469 γένει,
713 1379 913 1452 ὑπώπτευον
941 1382 978 1453 δέ
1006 1380 1073 1453 οὐκ
1099 1389 1143 1465 είς

133 1486 263 1577 μακράν
296 1488 595 1574 έπιβουλεάσοντας
627 1489 683 1557 καὶ
715 1491 797 1576 έμοί.
847 1486 956 1576 πηγάς
987 1488 1051 1577 μέν
1083 1481 1142 1561 οὖν

134 1590 258 1674 ὁπόσας
286 1589 400 1679 άφηκα
419 1594 578 1682 δακρύων
595 1596 655 1662 καὶ·
670 1595 822 1684 θρήνους
849 1599 953 1681 οίους,
982 1591 1142 1666 άνατείων

134 1706 181 1780 εἰς
213 1700 273 1786 τὴν
306 1695 487 1788 άκρόπολιν
517 1699 580 1789 τὴν
612 1698 690 1788 παρ’
726 1697 808 1788 ὑμῖν
838 1699 897 1782 τάς
933 1715 1060 1791 χελρας,
1093 1699 1168 1779 ὅσον

135 1804 337 1893 έκαλοάμην,
373 1806 429 1874 καὶ
465 1805 527 1895 τὴν
555 1803 703 1894 Ἀθηνάν
741 1807 897 1875 ίκετεάων
933 1806 1052 1890 σοίζειν
1087 1805 1142 1878 τὸν

18 1984 24 1991 ,
136 1913 246 1998 ἱκέτην
282 1912 337 1979 καλ
374 1910 418 1999 μὴ
456 1911 626 1981 ἐκδιδόναι
638 1965 647 1999 ,
684 1913 801 1982 πολλοὶ
837 1916 906 1981 τάν
945 1910 1026 2003 παρ’
1065 1910 1142 2004 ὑμίν

135 2017 308 2107 ἑορακότες
339 2023 408 2085 είσί
436 2044 493 2105 μοι
524 2018 702 2108 μάρτυρες,
734 2015 818 2106 αὐτη
853 2018 890 2087 δέ
921 2014 942 2106 ἡ
973 2017 1056 2103 θεὸς
1081 2016 1148 2110 πρό

134 2127 203 2191 τῶν
230 2121 355 2208 άλλων,
389 2121 440 2192 ὅτι
467 2125 522 2193 καὶ
553 2125 706 2193 θάνατον
732 2121 908 2214 ᾐτησάμην
934 2122 1015 2215 παρ’
1045 2124 1143 2215 αὐτῆς

95 2226 295 2317 ΒἈθηνησι
322 2226 386 2316 πρὸ
414 2232 472 2316 τῆς
498 2229 573 2298 τότε
601 2226 692 2300 ὁδοῦ.
730 2226 775 2311 ὥς
793 2229 855 2319 μέν
882 2221 947 2300 οὖν
974 2228 1018 2301 οὗ
1043 2232 1143 2322 προά»

138 2340 245 2404 δωκεν
272 2331 293 2423 ἡ
321 2332 402 2416 θεὸς
427 2333 488 2404 τὸν
516 2337 627 2424 ίκέτην
650 2333 731 2406 οόδέ
750 2338 919 2424 ἐξέδωκεν,
947 2343 1060 2428 ἔργοις
1077 2338 1144 2409 έπέ-

136 2444 256 2522 δείξεν·
285 2436 431 2528 ἡγήσατο
460 2440 522 2532 γάρ
550 2438 744 2531 ἁπανταχοῦ
772 2470 828 2530 μοι
860 2444 916 2512 καὶ
942 2446 1146 2534 παρέστησεν

137 2544 371 2633 ἁπανταχόθεν
404 2546 483 2628 τοὺς
510 2549 677 2636 φύλακας,
709 2550 742 2630 έξ
766 2544 882 2619 Ἡλίου
913 2551 970 2619 καλ
998 2550 1146 2639 Σελήνης

137 2650 298 2739 άγγέλους
324 2656 483 2741 λαβοῦσα.

216 2760 353 2846 Συνέβη
382 2761 423 2828 δέ
447 2787 478 2827 τι
505 2762 561 2828 καὶ
579 2763 743 2830 τοιοῦτον.
780 2760 893 2832 έλθών
910 2765 944 2844 ές
960 2760 1000 2832 τὸ
1019 2762 1142 2835 Meos&

137 2874 241 2933 λανον
274 2863 386 2958 ᾤκουν
418 2871 455 2935 έν
486 2893 554 2934 τινι
577 2875 780 2961 προαστείῳ.
826 2871 984 2938 ἐνταῦθα’·
1007 2874 1145 2959 ἔπεμπον

136 2967 286 3057 Εὐσεβία
314 2972 471 3053 πολλάκις
497 2973 580 3062 πρός
606 3001 646 3062 με
670 2977 966 3064 φιλοφρονουμένη
993 2977 1051 3045 καὶ
1070 2974 1144 3069 γρά

222 3168 400 3243 δοάδὲνν]
419 3171 490 3229 οὐδὲ
577 3164 792 3231 7οάναδδ.ν
880 3184 911 3231 12
930 3183 1012 3233 021³
1034 3172 1144 3249 οάνρέσ

136 3238 262 3309 μακράν]
282 3235 320 3301 άς
339 3234 391 3296 οόκ
411 3242 453 3306 είς
470 3239 584 3312 μακράν
603 3245 671 3296 Oob.
750 3251 781 3298 16
806 3242 943 3301 ίκετεάων
960 3243 1001 3368 HJ
1020 3245 1145 3317 λκέτεῃσ

138 3316 168 3363 17
189 3306 288 3376 ἱκέτην
308 3310 379 3378 Pet]
398 3309 516 3380 οἰκέτην
604 3316 636 3366 18
657 3306 808 3381 ἑορακότες
827 3312 871 3383 Η]
890 3308 982 3380 έσρακ
1002 3332 1050 3379 τες
1114 3318 1143 3369 ΙΙ

138 3375 236 3444 ίκέτην
266 3377 344 3446 Ροε]
374 3375 490 3448 οἰκέτην
522 3379 527 3445 Ι
565 3373 728 3448 ἐπέδειξεν]
760 3376 894 3446 ἔδειξενλ
921 3384 969 3436 vid
1000 3386 1036 3437 ad
1065 3386 1144 3439 ΜΔ

136 3450 169 3496 22
187 3442 364 3513 παρέστησεν
383 3446 417 3513 V]
437 3445 615 3516 παρέστηκεν
704 3496 708 3501 .
827 3510 833 3519 ,
