2370 3908
86 199 160 269 ,108
396 200 539 252 mmm
561 198 810 250 ιιιευεετοιιιε

99 327 182 399 άλλδι
209 330 266 398 καὶ
294 331 326 395 εἰ
351 329 418 395 τῶν
447 324 753 415 ἐπιστρατευόντων
779 339 934 415 κρατοῖεν
967 325 1024 392 καὶ
1057 326 1113 394 ἐπ·

98 437 206 516 ιόντες
233 432 461 503 άννπόστατοί
493 460 581 513 τινες
613 432 748 522 σφόδρα
783 432 840 500 κα]
877 428 1004 519 ἄμαχοι,
1035 437 1115 518 φαί-

99 568 222 611 νοιντο.
264 545 296 609 εί
321 538 359 607 δέ
387 536 519 609 ἀπιστεῖ
534 565 584 620 τις
611 533 707 627 ὑμῶν
729 538 882 630 τῷλόγῳ
910 526 1114 631 τῶδε,μάλα

99 649 261 737 ἐμφανῶν
288 646 467 736 μαρτύρων
495 642 558 714 ούκ
585 641 807 734 ἀπορήσομεν,
831 639 1000 732 Ἑλλήνων
1027 638 1116 732 ὁμοῦ

98 756 155 823 καὶ
187 753 384 843 βαρβάρων,
417 758 452 821 οἳ
481 752 587 840 μάχας
622 748 746 832 πολλάς
776 752 832 820 κα]
867 747 1006 839 ίσχυρδις
1036 755 1143 819 λίανε

99 860 321 949 μαχεσάμενοι
352 860 408 929 καὶ
440 857 649 945 νενικηκότες
681 864 767 945 έθνη
799 856 861 945 μὲν
889 859 1032 926 ἐκτῶντο
1060 858 1117 925 καὶ

60 964 215 1048 (λαῦτοίς
247 967 377 1056 φόρους
408 962 549 1051 άπάγειν
575 964 840 1052 κατηνάγκαζον,
869 963 1051 1033 ἐδούλευον
1080 963 1118 1031 δέ

101 1083 231 1161 αίσχιον
259 1075 397 1141 ἐκείνων
424 1067 532 1159 ἡδονή
560 1071 617 1138 καὶ
644 1073 755 1159 τρυφή
787 1071 843 1139 καὶ
871 1066 1034 1160 ἀκολασίᾳ
1061 1071 1117 1138 καὶ

99 1176 196 1268 ῦβρει
214 1179 270 1246 καὶ
289 1174 411 1267 ἀδικίη.
451 1175 593 1257 τούτους
613 1175 650 1244 δέ
677 1173 758 1246 οῦδὲ
787 1174 945 1266 ἰσχυρούς
968 1171 1012 1244 ῦν
1032 1181 1117 1263 φαίη

101 1287 188 1353 νοῦν
216 1290 301 1372 έχων
333 1280 434 1373 άνήρ,
467 1288 498 1351 εί
523 1284 580 1351 καὶ
612 1284 823 1370 ἐπιφαίνοιτο
855 1283 911 1351 καλ
938 1281 1118 1372 ἐπιλάμποι
1132 1311 1157 1351 ιο

100 1393 243 1479 μέγεθος
269 1405 339 1470 τοῖς
357 1394 475 1477 ἔργοις.
517 1389 620 1477 μόνος
638 1389 701 1475 γάρ
721 1391 790 1457 ἐστι
816 1391 970 1470 τοιοῦτος
997 1384 1118 1478 ὁμετόι

101 1494 219 1586 άρετὴς
247 1492 403 1584 ἀνδρεῖος
425 1496 481 1564 καὶ
499 1495 733 1583 μεγαλόφρων·
762 1492 852 1576 ὅστις
871 1495 909 1564 δὲ
926 1492 1036 1583 ήττων
1053 1494 1117 1583 μὲν

100 1598 246 1690 ἡδονῶν,
262 1599 414 1692 ἀκράτωρ
430 1601 467 1669 δέ
481 1597 583 1691 ὀργὴς
596 1603 652 1670 καὶ
667 1604 856 1689 ἐπιθυμιῶν
865 1607 1047 1688 παντοίων,
1061 1603 1119 1671 καὶ

100 1704 167 1777 ῦπὸ
205 1710 356 1798 σμικρῶν
389 1704 611 1797 άπαγορεύειν
643 1704 923 1795 ἀναγκαζόμενος,
953 1699 1052 1790 οῦτος
1081 1707 1118 1777 δέ

56 1811 181 1887 Βοῦδέ
210 1812 347 1902 ἰσχυρός
375 1810 455 1883 οὐδὲ
474 1810 629 1902 άνδρείος
656 1811 879 1903 ἀνθρωπίνην
907 1814 1018 1902 ἰσχύν·
1046 1817 1118 1883 ε’πι-
1133 1841 1158 1884 π

100 1923 259 2009 τρεπτέον
291 1919 329 1988 δέ
357 1929 436 2001 ἴσως
468 1917 560 2012 αύτῷ
591 1920 674 1988 κατά
705 1918 785 2002 τοῦς
815 1920 962 2011 ταύρους
988 1915 1009 2008 ἡ
1038 1920 1120 2003 τοὺς

100 2029 237 2108 λέοντας
264 2022 284 2115 ἡ
318 2025 376 2108 τὰς
403 2027 584 2115 παρδάλεις
610 2029 649 2116 τή
678 2026 772 2116 ῥῶμη
800 2028 987 2114 γάνυσθαι,
1015 2032 1047 2096 εί
1072 2027 1118 2116 μή

100 2135 156 2202 καὶ
183 2134 309 2221 ταύτην
337 2130 519 2221 άποβαλῶν
536 2133 689 2223 καθάπερ
710 2137 746 2202 οί
765 2135 914 2222 κηφὴνες
932 2129 1120 2224 άλλοτρίοις

102 2241 261 2327 ἐφέστηκε
293 2239 426 2326 πόνοις,
458 2236 559 2321 αύτὸς
592 2234 640 2307 ῶν
672 2236 845 2326 μαλθακός
872 2238 1033 2329 αἰχμητής
1059 2242 1118 2309 καὶ

103 2345 212 2427 δειλὸς
247 2348 303 2414 καὶ
340 2343 529 2427 άκόλαστος.
574 2347 725 2427 τοιοῦτος
767 2345 804 2414 δὲ
841 2341 890 2414 ῶν
927 2343 970 2415 ού
1010 2347 1158 2434 μόνονεο

78 2449 253 2539 -άληθοῦς
285 2450 400 2539 ἐνδεής
432 2451 579 2521 πλούτου
606 2453 828 2541 καθέστηκεν,
861 2449 945 2521 άλλδι
959 2453 1029 2521 καὶ
1056 2457 1120 2523 τοῦ

101 2558 327 2646 πολυτιμήτου
345 2558 401 2625 καὶ
421 2559 546 2645 σεμνοῦ
572 2558 628 2626 καὶ
652 2555 836 2645 ἀγαπητοῦ,
864 2560 897 2640 ἐξ
926 2550 969 2628 οῦ
994 2584 1118 2628 παντο-

102 2664 207 2732 δαπαὶ
233 2663 435 2755 κρεμάμεναι
462 2665 566 2751 ψυχαὶ
593 2664 769 2754 πράγματα
788 2670 902 2752 έχουσι
929 2671 1034 2754 μυρία
1061 2668 1119 2735 καὶ

48 2791 82 2842 85
101 2770 243 2856 πόνους,
279 2771 341 2837 τοῦ
372 2766 452 2838 καθ’
487 2764 614 2859 ἡμέραν
650 2772 793 2860 κέρδους
825 2773 923 2841 ἕνεκα
954 2780 1051 2841 πλεῖν
1081 2799 1118 2842 τε

102 2873 332 2964 ὑπομένουσαι
360 2877 416 2944 καὶ
444 2876 646 2963 καπηλεύειν
665 2877 720 2944 καλ
739 2877 912 2966 ληστεύειν
938 2879 994 2947 καὶ
1013 2875 1117 2968 άναρ-
1131 2904 1157 2947 ετ

102 2983 215 3064 πάζειν
242 2981 300 3064 τδις
326 2988 538 3071 τυραννίδας.
576 2985 654 3065 ζῶσι
682 2981 746 3073 γάρ
774 2981 825 3052 άελ
852 2983 914 3072 μὲν
941 2984 1117 3073 κτῶμενοι,

169 3169 185 3216 2
203 3161 317 3232 σφόδρα
335 3166 482 3218 deleverim
554 3170 568 3218 7
586 3160 688 3229 αὐτοῖς
705 3170 777 3233 VM,
796 3160 903 3230 αῦτοῦς
921 3186 938 3222 v
959 3169 964 3239 Ι
990 3163 1118 3238 άπάγειν

101 3235 169 3285 Rsk.
189 3240 217 3284 et
235 3232 271 3302 H]
297 3229 435 3285 α’παιτεῖν
505 3237 538 3314 11
560 3233 686 3304 μέγεθος
703 3235 738 3303 V]
762 3233 794 3290 τό
812 3232 939 3303 μέγεθος
1008 3242 1041 3290 12
1063 3239 1118 3304 μὲν

102 3303 163 3352 add.
182 3302 207 3351 V
254 3307 285 3353 13
306 3296 415 3354 ’δοκῶν
432 3301 490 3351 VM
525 3302 633 3369 ηδονής
679 3308 709 3356 17
728 3302 877 3372 γάνυσθαι
895 3303 932 3373 Η]
949 3307 1118 3373 γαννυοθαι

102 3373 134 3422 18
151 3362 260 3436 ταύτην
278 3320 315 3436 V]
331 3368 444 3435 ταῦτα]
463 3364 492 3420 οἱ
527 3387 589 3422 οιεν
608 3371 671 3438 (εἰσ)
690 3373 715 3422 V
785 3376 817 3425 19
834 3367 964 3456 μαλακός
982 3375 1016 3428 V.
1052 3375 1115 3426 vid.

100 3437 179 3489 Iliad.
203 3456 232 3504 ρ,
256 3439 306 3490 588
374 3440 407 3488 22
429 3434 625 3504 πολυτιμήτου
649 3439 682 3504 V]
705 3442 893 3508 πολυκμήτου
961 3445 995 3494 13
1018 3437 1035 3494 ἔ
1052 3456 1116 3494 ουσι

100 3503 171 3571 VM]
192 3503 306 3572 ἔχουσιν
374 3508 408 3557 25
425 3498 603 3570 άναρπάζειν
622 3507 657 3575 V]
675 3500 815 3574 ἁρπάζειν
874 3511 906 3560 26
925 3503 979 3578 γάρ
997 3459 1117 3576 ἆεῦμὲν

253 3565 260 3586 ἱ

102 3568 137 3637 V]
159 3569 211 3640 μὲν
229 3591 283 3641 γαρ
301 3566 348 3626 άεὶ
