2392 3960
107 151 171 216 380
408 150 551 203 ιοιιιιιι
570 149 820 201 ιιιεεοιινοιειε

106 281 291 368 προφῆται,
328 283 481 368 γρηδίοις
517 289 659 364 ψυχροῖς
691 271 892 363 ὁμιλοῦντες.
943 273 1051 347 οῦδὲν
1085 277 1121 347 δὲ

106 383 199 472 οἶμαι
236 384 356 452 κωλύει
393 381 453 452 τὸν
484 382 546 470 μὲν
576 380 661 450 θεὸν
698 379 784 450 εἶναι
820 383 942 471 μέγαν,
981 379 1025 452 οῦ
1058 383 1122 472 μὴν

107 495 303 559 σπουδαίων
329 492 512 580 προφητῶν
540 484 621 557 οὐδὲ
647 488 816 576 ἐξηγητῶν
842 503 965 577 τυχεῖν.
1013 498 1121 560 αἴτιον

108 598 155 679 δέ,
184 592 235 664 ἔτι
262 593 324 683 τῆν
352 597 480 664 ἑαυτῶν
507 593 619 682 ψυχὴν
648 591 689 662 οὐ
708 595 876 683 παρέσχον
903 592 1121 686 ἀποκαθῆραι

106 716 176 781 τοῖς
213 704 398 787 ἐγκυκλίοις
433 701 630 789 μαθήμασιν
667 696 748 768 οῦδὲ
784 697 914 782 ἀνοῖξαι
952 701 1144 791 μεμυκόταε

106 814 183 874 λίαν
213 806 254 874 τὰ
286 806 416 895 ὄμματα
454 804 535 875 οῦδὲ
567 804 781 896 ἀνακαθῆραι
816 805 879 894 τῆν
910 809 1123 897 ἐπικειμένην

53 909 226 994 τοιαῦτοῖς
253 911 375 1002 ἀχλύν,
407 910 479 981 ἀλλ’
514 907 589 981 οἷον
621 915 694 1000 φῶς
726 915 809 1000 μέγα
842 909 887 981 δι’
918 909 1060 1003 ὁμίχλης
1090 917 1125 984 οί

106 1016 281 1108 ἅνθρωποι
318 1022 495 1106 βλέποντες
532 1016 574 1086 οῦ
610 1021 769 1108 καθαρῶς
805 1016 887 1087 οῦδὲ
923 1023 1123 1110 είλικρινῶς,

106 1122 189 1193 αῦτὸ
219 1125 256 1193 δὲ
284 1128 390 1193 ἐκεῖνο
410 1123 621 1212 νενομικότες
648 1121 723 1212 οὐχὶ
742 1127 815 1211 φῶς
842 1125 1012 1216 καθαρόν,
1041 1123 1123 1196 ἀλλά

106 1233 184 1319 πῦρ,
211 1231 267 1299 καὶ
294 1234 363 1298 τῶν
380 1232 455 1319 περὶ
475 1228 556 1299 αῦτὸ
576 1230 712 1298 πάντων
740 1229 833 1312 ὄντες
847 1227 997 1301 ἀθέατοι
1016 1235 1121 1321 βοῶσι
1133 1260 1154 1299 ιι

106 1338 206 1423 μέγα·
254 1343 426 1427 Φρίττετε,
464 1343 642 1424 φοβεῖσθε,
687 1339 770 1425 πῦρ,
816 1337 915 1424 φλόξ,
960 1337 1122 1425 θάνατος,

106 1442 265 1531 μάχαιρα,
298 1446 464 1531 ῥομφαία,
495 1450 631 1522 πολλοῖς
659 1438 800 1529 ὀνόμασι
832 1449 914 1530 μίαν
941 1444 1121 1533 ἐξηγούμε-

106 1575 161 1614 νοι
192 1545 254 1634 τῆν
281 1545 467 1635 βλαπτικῆν
498 1551 559 1617 τοῦ
590 1546 697 1638 πυρὸς
730 1548 884 1635 δύναμιν.
930 1546 1005 1619 ἀλλ’
1037 1547 1122 1639 ῦπδρ

107 1651 168 1739 μὲν
194 1653 324 1722 τούτων
357 1659 428 1744 ίδίηι
455 1656 587 1741 βέλτιον
614 1658 839 1744 παραστῆσαι,
867 1655 963 1747 πόσφ
991 1657 1121 1751 φαυλό-

66 1779 197 1846 Βτεροι
224 1763 292 1827 τῶν
319 1756 397 1850 παρ’
429 1756 507 1848 ῆμῖν
527 1751 620 1829 οῦτοι
647 1760 806 1846 γεγόνασι
833 1763 984 1848 ποιητῶν
1004 1767 1042 1831 οί
1057 1765 1123 1832 τῶν
1134 1788 1154 1829 ιε

106 1860 189 1954 ῦπδρ
217 1869 279 1934 τοῦ
305 1869 390 1935 θεοῦ
417 1866 528 1953 λόγων
556 1865 760 1935 διδάσκαλοι.
850 1902 854 1909 ·

187 1972 356 2061 Προσῆκει
389 1972 425 2042 δὲ
454 1969 496 2040 οῦ
523 1969 564 2040 τά
577 1974 658 2040 ’τῶν
690 1975 783 2040 θεῶν
814 1971 922 2061 μόνον
949 1970 1124 2063 ἀγάλματα

107 2093 321 2167 προσκυνεῖν,
349 2076 432 2147 ἀλλά
459 2079 515 2147 καὶ
542 2077 621 2158 τοῦς
639 2075 745 2159 ναοῦς
771 2079 828 2147 καὶ
853 2076 895 2147 κά
922 2081 1046 2168 τεμένη
1069 2082 1124 2150 καὶ

107 2182 187 2264 τοῦς
214 2185 362 2272 βωμούς·
391 2170 534 2271 εῦλογον
562 2183 600 2253 δὲ
626 2185 681 2252 καὶ
710 2182 789 2264 τοῦς
816 2185 924 2274 ἱερέας
949 2188 1054 2274 τιμῶν
1080 2182 1125 2269 ῶς

107 2288 321 2379 λειτουργοὺς
358 2293 451 2359 θεῶν
487 2292 543 2359 καί
584 2286 749 2378 ὑπηρέτας
784 2291 841 2359 καὶ
877 2295 1157 2375 διακονοῦνταςιι

106 2391 187 2483 ῆμῖν
222 2395 263 2464 τὰ
300 2396 383 2486 πρὸς
419 2395 498 2477 τοῦς
533 2396 655 2482 θεούς,
692 2396 978 2484 συνεπισχῦοντας
1013 2402 1058 2489 τῆ
1087 2401 1125 2485 ἐκ

68 2505 199 2574 (ῖθεῶν
231 2507 278 2582 είς
305 2499 391 2590 ῆμᾶς
422 2506 491 2571 τῶν
519 2499 659 2592 ἀγαθῶν
692 2502 796 2571 δόσει·
829 2502 1025 2591 προθύουσι
1059 2503 1126 2596 γὰρ

107 2608 243 2676 πάντων
275 2609 331 2677 καὶ
363 2604 611 2697 ῦπερεῦγονται.
657 2613 790 2677 δίκαιον
823 2599 887 2677 οῦν
919 2605 1127 2681 ἀποδιδόναι

107 2717 211 2782 πᾶσιν
239 2711 353 2795 αὐτοῖς
381 2712 444 2784 οῦκ
472 2721 622 2801 ἔλαττον,
650 2718 682 2782 εί
706 2712 751 2802 μῆ
779 2715 835 2783 καὶ
862 2716 976 2802 πλέον,
1003 2712 1027 2804 ἢ
1053 2730 1127 2799 τοῖς

107 2828 288 2903 πολιτικοῖς
316 2819 457 2911 ῶρχουσι
483 2820 542 2902 κάς
558 2819 662 2909 τιμάς.
699 2825 731 2888 εί
756 2823 797 2889 δέ
820 2847 870 2916 τις
888 2829 993 2890 οίεται
1019 2825 1158 2893 τοῦτοῦ

108 2923 158 2994 ἐπ’
194 2935 268 3014 ίσης
299 2930 418 3017 χρῆναι
450 2930 563 3014 νέμειν
596 2924 711 3007 αὐτοῖς
741 2927 798 2995 καὶ
829 2941 900 3008 τοῖς
936 2936 1123 3011 πολιτικοῖς

198 3181 209 3227 1
242 3178 375 3259 γραδίοις
404 3180 502 3257 scripsi
533 3195 579 3244 pro
608 3176 796 3259 γραῖδίοιςΙ
791 3171 924 3242 Ιοῦδέν
952 3175 997 3246 Η]
1030 3174 1127 3235 mm*

106 3229 335 3325 4ἀποκαθῆραι
359 3243 413 3328 H]
432 3237 622 3311 ἀποκαθάραι
652 3236 857 3327 (ἀποκαθάραι
880 3245 921 3312 V)
1007 3248 1025 3298 5
1052 3240 1128 3301 οῦδὲ

106 3311 147 3379 H]
178 3305 247 3365 οῦτε
349 3317 365 3366 6
395 3305 583 3397 ἀνακαθῆραι
613 3312 654 3378 H]
689 3307 881 3395 ἀνακαθᾶραι
911 3304 1128 3394 (ἀνακαθᾶραι

107 3381 148 3500 V)
220 3385 248 3431 11
273 3377 347 3448 μέγα
371 3379 451 3447 Oob]
474 3377 586 3463 μεγάλα
673 3383 704 3432 15
726 3369 808 3433 οῦτοι
831 3378 904 3446 Ρεῖ.]
928 3370 1005 3433 οῦτοι
1092 3386 1129 3435 u

107 3444 197 3568 406μέ
229 3449 278 3501 καὶ
309 3447 410 3516 Elei
398 3447 487 3502 ίκαῖ
516 3466 565 3517 μη
606 3449 711 3500 Eodem
740 3449 819 3500 modo
849 3448 1054 3503 emendandum
1082 3454 1128 3503 ent
