2392 3960
487 191 628 243 ORATIO
646 192 692 242 1v.
1033 189 1093 253 181

80 322 259 404 αἰσθητοῖς
294 318 505 405 φαινομένην
537 313 555 386 ὁ
588 315 745 404 βασιλεὺς
769 314 887 398 Ἤλιος
913 321 961 398 εἰς
991 314 1095 388 ταύτὸ

80 423 257 511 συνάπτει,
288 427 346 510 τῆς
377 422 439 511 μὲν
470 422 675 511 μιμούμενος
705 421 768 511 τῆν
805 421 1003 511 συνεκτικὴν
1035 424 1094 494 δή·
1172 458 1176 465 ·

80 556 185 618 ναμιν
211 532 249 598 ἐν
276 545 347 610 τοῖς
374 544 519 617 νοεροῑς,
546 526 604 597 άτε
631 530 665 610 ἐξ
693 526 796 617 αὐτῆς
822 529 1010 617 προελθών,
1037 533 1096 617 τῆς

81 635 120 705 δὲ
159 642 349 716 τελευταίας
388 635 642 725 προκατάρχωυ,
682 632 704 723 ῆ
744 637 820 724 περὶ
860 635 921 705 τὸν
961 638 1095 724 ἐμφανῆ

54 752 259 829 εθεωρετται
295 742 431 829 κόσμον.
480 741 525 830 μή
557 767 636 810 ποτε
674 732 737 810 οὖν
773 743 829 810 καὶ
864 740 902 811 τὸ
940 739 1095 811 αὐθυπό-

82 868 205 925 στατου
231 851 366 934 πρῶτον
392 847 454 936 μὲν
480 850 518 915 ἐν
544 861 614 927 τοῖς
641 862 776 935 νοητοῖς
794 843 957 937 ὑπάρχον,
984 857 1095 916 τελευ-

80 968 179 1022 ταῖον
206 950 239 1022 δ’
270 954 336 1043 (ἐν)
364 969 434 1035 τοῖς
459 950 532 1022 κατ’
563 950 713 1042 οὐρανὸν
745 956 963 1042 φαινομένοις
989 956 1096 1041 με’σην

81 1065 148 1147 ἔχει
174 1057 237 1148 τῆν
262 1063 325 1128 τοῦ
351 1061 513 1147 βασιλέως
535 1056 658 1128 οὐσίαν
675 1056 938 1129 αὐθυπόστατου
961 1056 1088 1131 Ἡλίου,
1096 1081 1148 1131 140

81 1163 139 1253 ἀφ’
169 1157 208 1253 ῆς
235 1166 382 1234 κάτεισιν
409 1162 527 1246 οὐσίας
553 1169 774 1254 πρωτουργοῦ
801 1171 848 1247 εἰς
873 1164 935 1235 τὸν
962 1169 1095 1255 ἐμφανῆ

41 1303 67 1342 10
80 1271 211 1360 κόσμου
241 1268 263 1360 ή
294 1272 545 1359 περιλάμπουσα
575 1270 616 1340 τά
649 1272 825 1359 σύμπαντα
857 1270 961 1361 αὐγῆς
993 1272 1096 1342 πάλιν

81 1377 120 1446 δὲ
151 1374 224 1446 κατ’
258 1375 338 1446 άλλο
371 1381 553 1447 σκοποῦντι
585 1372 633 1458 εἷς
664 1377 725 1466 μὲν
758 1374 776 1447 ὃ
809 1381 878 1447 τῶν
910 1376 999 1448 ὅλων
1036 1384 1094 1467 δη-

81 1482 258 1573 μιουργός,
285 1485 403 1553 πολλοὶ
431 1483 469 1553 δε
496 1486 532 1552 οἱ
555 1481 628 1552 κατ’
658 1481 810 1573 οὐρανὸν
837 1488 1096 1575 περιπολοῦντες

82 1592 316 1679 δημιουργικοὶ
343 1597 428 1659 θεοί.
473 1590 578 1677 μέσην
605 1588 670 1680 άρα
701 1592 758 1659 καὶ
785 1592 915 1660 τούτων
941 1590 1004 1678 τῆν
1031 1587 1092 1677 ἀφ’

78 1691 194 1765 Ἡλίου
221 1695 442 1784 καθήκουσαν
469 1700 516 1776 εἰς
542 1695 602 1765 τὸν
630 1696 758 1785 κόσμου
785 1701 1010 1787 δημιουργίαν
1036 1707 1095 1766 θε-

43 1803 167 1873 ατέον.
214 1798 297 1871 άλλά
323 1803 380 1871 καὶ
407 1800 445 1871 τὸ
474 1801 616 1890 γόνιμον
642 1806 700 1890 τῆς
728 1807 810 1891 ζωῆς
837 1802 924 1873 πολὺ
951 1804 1013 1892 μὲν
1039 1804 1094 1872 καὶ

80 1904 289 1998 ὑπέρπληρες
316 1911 354 1977 ἐν
380 1911 426 2001 τῷ
453 1912 574 2001 νοητῷ,
602 1915 758 1996 φαίνεται
776 1909 814 1979 δὲ
842 1913 924 1998 ζωῆς
951 1916 1135 1998 γουίμουΒ

81 2015 139 2083 καὶ
166 2009 184 2084 ὁ
212 2014 336 2102 κόσμος
363 2010 412 2082 τάν
438 2015 574 2104 πλήρης.
610 2014 781 2104 πρόδηλον
809 2006 872 2083 οὖν
900 2013 951 2085 ὅτι
978 2018 1034 2084 καὶ
1056 2014 1094 2085 τὸ

82 2121 225 2209 γόνιμον
252 2124 313 2189 τοῦ
346 2121 507 2208 βασιλέως
530 2117 646 2190 Ἡλίου
677 2124 736 2208 τῆς
764 2124 846 2209 ζωῆς
873 2123 977 2210 μέσον
1004 2123 1095 2190 ἐστὶν

55 2224 227 2316 Ιάμφοῑυ,
254 2229 323 2297 ἐπεὶ
351 2226 458 2320 τούτω
486 2242 648 2321 μαρτυρεῖ
673 2229 729 2296 καὶ
755 2225 796 2296 τά
824 2227 1026 2316 φαινόμενα·
1053 2225 1095 2296 τά

44 2333 145 2422 εομὲν
172 2331 237 2423 γάρ
263 2341 385 2403 τελειοῐ
409 2336 478 2402 τῶν
505 2337 622 2422 εἰδῶν,
650 2332 691 2403 τά
718 2333 757 2403 δε
784 2333 963 2423 ἐργάζεται,
989 2333 1030 2402 τά
1058 2333 1096 2402 δὲ

81 2455 210 2528 κοσμεῖ,
237 2438 277 2509 τά
304 2439 343 2508 δε
369 2437 544 2530 ἀνεγείρει,
570 2443 627 2509 καὶ
655 2445 692 2509 ἓν
720 2438 824 2509 οὐδέν
851 2443 952 2527 ἐστιν,
981 2436 1096 2526 ὃδίχα

80 2549 140 2635 τῆς
168 2542 229 2634 ἀφ’
256 2542 372 2615 Ἡλίου
391 2550 630 2636 δημιουργικῆς
649 2547 823 2634 δυνάμεως
850 2551 897 2628 είς
925 2549 998 2634 φῶς
1014 2545 1095 2634 πρό-

82 2672 148 2721 εισι
179 2654 236 2721 καὶ
263 2655 403 2739 γένεσιν.
449 2658 496 2720 ἔτι
527 2650 611 2742 πρὸς
641 2651 773 2732 τούτοις
806 2658 838 2721 εἰ
867 2651 930 2740 τῆν
958 2654 995 2721 ἐν
1026 2665 1097 2731 τοῖς

81 2773 217 2846 νοητοῖς
248 2756 414 2848 ἄχραντον
445 2760 501 2827 καὶ
533 2756 690 2849 καθαράν
722 2759 807 2847 [καὶ]
841 2757 946 2828 ἄυλον
974 2755 1136 2827 οὐσίαυῦ

43 2893 68 2935 τε
81 2864 280 2952 νοήσαιμεν,
317 2861 456 2946 οὐδενὸς
492 2867 618 2946 ἔξωθεν
654 2861 740 2953 αὐτῆ
780 2864 980 2955 προσιόντος
1016 2860 1096 2933 οὐδὲ

81 2969 330 3059 ἐνυπάρχοντος
358 2968 546 3060 άλλοτρίου,
572 2971 680 3061 πλήρη
700 2969 737 3039 δὲ
755 2973 814 3058 τῆς
833 2976 956 3052 οἰκείας
973 2967 1096 3060 άχράν-

153 3156 167 3203 1
191 3146 279 3205 ταύτὰ
297 3152 336 3219 Η]
355 3146 432 3206 αάτά
449 3153 483 3220 V,
504 3146 594 3206 αὐτὸν
613 3155 650 3218 G,
670 3148 761 3206 ταύτά
778 3170 796 3203 τ
864 3157 880 3205 2
904 3145 1043 3205 συνάπτει
1061 3149 1095 3217 Vl

81 3216 204 3286 συνάγει
273 3224 290 3273 4
306 3214 523 3288 προκατάρχων]
541 3220 756 3288 προϋπαρηωνλ
784 3218 851 3289 ,,Τῆ
869 3216 902 3272 δὲ
920 3219 972 3287 τῆς
990 3213 1097 3271 τελειό-

81 3307 98 3340 τ
120 3305 169 3347 τος
186 3284 420 3354 προκατάργων.“
440 3290 649 3369 ΒῆΕτίοᾱοτίρλι
717 3291 733 3339 6
756 3292 870 3351 νοεροῑς
887 3288 912 3338 V
981 3290 995 3338 7
1015 3281 1045 3337 δ’
1064 3279 1096 3337 ἐν

80 3307 1096 3490 σέοἱωηενωειλκαὶ-ἰ,Ακιωλεεισιι

83 3442 348 3611 05‘12590v163A(1
409 3493 443 3542 24
465 3488 515 3544 καὶ
534 3497 598 3543 ante
619 3483 708 3543 άυλον
726 3507 778 3545 om.
796 3492 821 3540 V
900 3458 933 3540 26⁸
951 3457 1097 3554 άχράντου

83 3575 100 3610 ο
113 3576 129 3609 κ
160 3575 194 3618 ας
