2392 3960
107 152 171 215 ,510
408 153 552 206 IULIANI
571 153 841 213 1MPERATOR18,

107 285 294 356 κάντεῦθεν
312 280 356 355 αύ
373 288 475 356 πόλιν
493 290 527 370 ἐξ
546 288 777 357 ἕκατοντύὸοιν
793 287 831 358 τὸ
846 286 929 358 ὅλον
941 294 1016 359 τῶν
1028 289 1124 382 ἀριθ-

107 398 180 480 μῶν
209 397 271 480 την
299 391 446 480 δύναμιν
472 398 704 484 καρποῦσθαι,
740 394 821 483 μήτε
849 398 912 464 τοῦ
941 395 1023 477 ἐνὸς
1051 395 1123 488 ἦρε

107 503 262 587 μούντος,
285 505 316 568 εἰ
337 500 382 588 μή
404 527 437 568 τι
458 505 517 588 τῆς
540 500 666 581 δυάδος
688 502 725 569 ἐν
746 505 787 591 τῇ
805 502 892 588 μίξει
908 501 946 571 τὸ
966 505 1123 592 περιττὸν

107 605 159 674 όιεί
181 607 356 695 τικτούσης
377 635 412 676 τε
434 609 490 675 καί
508 613 555 687 είς
574 607 697 695 ἑαυτὴν
715 599 817 688 αὖθις
837 605 1123 700 ἆνκκαλουμένης,

107 714 202 805 ὅχρις
234 711 277 783 ὅν
311 717 403 805 ἑτέρᾳ
435 715 536 784 πόλιν
568 713 763 783 ἕκατοντοίόι
793 718 863 784 τῶν
893 712 1056 805 ἀριθμῶν
1076 717 1145 788 -τὸτ

108 823 338 909 συναγόμενον
365 827 577 909 κατακλείση,
608 821 664 888 καί
695 818 733 888 τὸ
760 820 875 889 τέλεον
901 818 992 915 αύτῷ
1020 842 1124 912 προσ·

53 927 255 996 395οίπτουσα
278 927 379 997 πόλιν
402 930 436 1010 ἐξ
459 925 565 996 αύτού
586 927 670 1017 πρὸς
691 925 729 996 τὸ
753 927 867 1016 ἕτερον
890 926 1031 1018 ἑρπύσῃ,
1052 944 1123 1010 ταῖς

66 1039 174 1103 τετῶν
201 1035 433 1104 ἑκατοντοίὸων
459 1038 651 1123 ἐπηγορίαις
677 1031 729 1102 ἀεὶ
755 1031 793 1102 τὸ
822 1031 903 1102 ὅλον
930 1039 981 1115 εἰς
1002 1033 1042 1104 τὸ
1065 1039 1123 1123 τῆς

105 1141 318 1229 καταλήψεως
348 1142 488 1232 ὅπειρον
520 1138 745 1230 ἀναφέρουσα.
794 1144 889 1209 δοκεῖ
915 1141 957 1209 όί
980 1143 1121 1228 μοικαὶ

97 1245 241 1337 Ὅμηρος
276 1247 337 1336 οὐχ
368 1247 480 1328 ἁπλῶς
511 1245 592 1316 οὐδὲ
622 1245 734 1335 ἀργῶς
765 1247 803 1314 ἐν
832 1260 904 1327 τοίς
934 1251 1029 1317 ἔπεσι
1059 1248 1152 1338 τηνιι

106 1355 421 1425 ἑκατονταθύσανον
442 1359 557 1442 αἰγίδα
575 1359 620 1445 τῶ
636 1354 696 1421 Διί
719 1363 925 1443 περιθεῖναι,
946 1351 1034 1425 ἄλλά
1054 1384 1118 1429 τινι

105 1467 268 1545 κρείττονι
285 1462 341 1529 καί
360 1457 537 1550 ἀπορρήτῳ
555 1458 644 1550 λόγῳ
662 1462 762 1528 τούτο
778 1463 989 1530 αἰνίττεσθαι
1002 1464 1117 1551 λέγων,

105 1562 150 1644 ῶς
180 1564 244 1654 όίρα
271 1571 316 1658 τῶ
343 1565 530 1657 τελεωτύτφ
557 1569 627 1657 θεῶ
654 1563 715 1633 τὸν
740 1563 942 1634 τελεώτατον
971 1563 1116 1657 ἀριθμόν

62 1672 274 1761 Βπεριόυειε
301 1673 356 1739 καί
383 1663 409 1764 ᾦ
438 1669 531 1761 μόνῳ
559 1669 649 1760 παρὰ
674 1670 755 1751 τούς
768 1742 769 1747 ,
782 1669 905 1751 ἄλλους
926 1666 972 1739 ἂν
995 1672 1113 1743 δικαιό-

103 1803 202 1866 τερον
228 1792 401 1865 κοσμοίτο,
428 1773 450 1864 ἢ
478 1775 529 1845 ὅτι
555 1774 617 1845 τὸν
640 1776 812 1864 ξύμπαντα
834 1776 981 1866 κόσμον,
1008 1776 1053 1850 ὅν
1072 1784 1147 1861 ιίςιτ

104 1888 235 1970 αίγίόος
261 1887 369 1972 σχῆμα
397 1886 443 1974 τῶ
472 1887 531 1969 τῆς
558 1882 687 1963 εἰκόνος
713 1896 887 1971 περιφερεῖ
911 1885 1118 1974 ξυνείληφεν,

104 1987 166 2058 ούκ
195 1990 294 2070 ἄλλος
320 2015 389 2070 πως
415 1985 437 2077 ἢ
464 1987 482 2058 ὁ
510 1992 579 2057 τῶν
602 1988 721 2058 ἑκατὸν
743 1986 888 2076 ἀριθμὸς
909 1992 1119 2081 περιγράφει,

103 2099 142 2184 τῇ
165 2097 247 2164 κατὰ
267 2096 399 2186 κύκλονΙ
411 2094 605 2163 ἑκατοντόὸι
622 2094 686 2183 τὴν
704 2097 738 2175 ἐς
754 2094 792 2164 τὸ
812 2092 894 2163 ὅλον
911 2099 975 2163 τοῦ
992 2100 1118 2185 νοητοῦ

102 2201 306 2288 κατανόησιν
330 2199 556 2289 ἐφαρμόττον.
595 2199 613 2269 ὁ
638 2197 670 2269 δ’
696 2197 798 2282 αὐτὸς
819 2200 919 2289 λόγος
941 2192 1044 2285 οὗτος
1065 2206 1120 2273 καί

102 2306 162 2375 τὸν
195 2307 463 2395 ἕκατοντόχειρα,
499 2305 559 2375 τὸν
588 2307 757 2398 Βριάρεω,
786 2313 917 2391 καθίζει
946 2308 1150 2403 πάρεδρονε

63 2425 84 2480 c
102 2417 147 2505 τῶ
162 2421 234 2499 ΙΔιί,
256 2416 312 2482 καί
329 2413 413 2502 πρὸς
430 2412 492 2500 τὴν
508 2417 572 2480 τού
588 2412 714 2502 πατρὸς
730 2404 1133 2509 ἁμιλλῶσθαισυγχτορεί
1163 2430 1165 2481 ἑ

104 2519 264 2607 δύναμιν,
301 2517 376 2589 οἷον
406 2522 444 2588 ἐν
471 2523 516 2612 τῶ
546 2523 608 2588 τού
635 2517 786 2609 ιἰριθμού
811 2524 910 2613 τελίφ
936 2520 977 2591 τὸ
1004 2527 1120 2595 τέλεον
1163 2492 1165 2561 ἰ

103 2623 191 2717 αὐτῶ
224 2630 282 2712 της
309 2626 424 2714 ἰσχύος
450 2624 642 2706 ἀποδιδούς.
687 2628 743 2695 καὶ
770 2626 838 2715 μὴν
864 2628 921 2697 καὶ
942 2634 1120 2722 Πίνδαρος

103 2731 121 2802 ὁ
144 2740 292 2820 Θηβαῖος
306 2733 379 2830 ,την
402 2725 577 2819 ἀναίρεσιν
604 2731 668 2821 την
693 2736 859 2822 Τυφωέος
882 2736 921 2804 ἐν
943 2737 1120 2819 ἐπινικίοις

102 2840 275 2929 κηρύττων
297 2842 352 2908 καί
374 2838 411 2907 τὸ
433 2842 494 2906 τού
512 2845 670 2926 μεγίστου
687 2839 810 2909 τούτου
826 2847 980 2928 γίγαντες
997 2846 1151 2936 κράτοςιε

170 3049 185 3097 ‘1
204 3040 233 3110 ἐξ
303 3046 338 3098 οὗ
355 3048 380 3099 V
406 3045 411 3112 Ι
437 3041 509 3112 πρὸς
527 3042 564 3113 V]
590 3042 632 3106 εἰς
701 3048 732 3097 11
751 3036 992 3101 ἕκατονθότανοτ
1008 3050 1035 3103 V
1087 3056 1117 3105 12

102 3109 287 3166 αἰνίττεσθαι
305 3109 341 3181 V]
361 3109 520 3166 αἰνίττεται
565 3117 596 3164 13
614 3105 666 3165 τόν
683 3106 857 3166 τελειότατον
874 3103 1006 3185 ἀριθμὸν
1021 3116 1118 3187 Περὶ]

102 3177 134 3232 τό
153 3177 252 3232 τέλεον
270 3181 326 3232 τῶν
344 3173 480 3246 ἀριθμῶν
495 3198 523 3244 v,
542 3180 613 3247 quod
631 3177 741 3232 defendi
758 3195 813 3233 uon
829 3196 913 3248 μοετο
924 3184 1039 3239 videtur
1048 3186 1117 3241 Ῑοοίι

102 3252 152 3301 334
163 3249 187 3298 Α
207 3256 235 3301 et
252 3248 337 3300 3950
356 3248 464 3329 cqllatis
522 3250 554 3299 16
571 3251 643 3300 Ante
663 3247 841 3316 ξυνείληφεν
858 3251 884 3303 V
899 3250 962 3303 add.
979 3250 1033 3307 κοιλ
1086 3258 1136 3331 11·

102 3327 480 3433 ἅιῶὶτιιει....ιιτ
520 3350 855 3433 ιείιοι...ιοηωετ
887 3369 1118 3441 mun-w

102 3439 134 3486 ⁶23
154 3434 313 3499 Πίνδαρος]
331 3436 438 3500 Fragm.
457 3436 490 3486 69
509 3435 611 3500 Bergk.
665 3437 698 3486 24
715 3429 769 3503 τὴν
787 3430 922 3502 τνφοίος
935 3436 969 3498 V,
987 3438 1043 3495 τοῦ
1061 3440 1117 3493 Ῥυ-

103 3500 202 3567 φωέως
220 3522 237 3556 v
306 3506 339 3555 25
357 3499 389 3555 τὸ
409 3499 460 3555 τοῦ
480 3500 515 3568 V]
535 3501 586 3554 τού
