<?xml version="1.0" encoding="UTF-8"?>
<!DOCTYPE html PUBLIC "-//W3C//DTD XHTML 1.0 Transitional//EN"
    "http://www.w3.org/TR/xhtml1/DTD/xhtml1-transitional.dtd">
<html xmlns="http://www.w3.org/1999/xhtml" xml:lang="en" lang="en">
 <head>
  <title>
</title>
<meta http-equiv="Content-Type" content="text/html;charset=utf-8" />
  <meta name='ocr-system' content='tesseract 3.04.00' />
  <meta name='ocr-capabilities' content='ocr_page ocr_carea ocr_par ocr_line ocrx_word'/>
</head>
<body>
  <div class='ocr_page' id='page_1' title='image "./iulianiimperato00juligoog_0227.png"; bbox 0 0 2392 3960; ppageno 0'>
   <div class='ocr_carea' id='block_1_1' title="bbox 493 124 1098 189">
    <p class='ocr_par' dir='ltr' id='par_1_1' title="bbox 493 124 1098 189">
     <span class='ocr_line' id='line_1_1' title="bbox 493 124 1098 189; baseline 0.002 -13"><span class='ocrx_word' id='word_1_1' title='bbox 493 125 630 176; x_wconf 76' lang='grc' dir='ltr'><em>οιιινιο</em></span> <span class='ocrx_word' id='word_1_2' title='bbox 648 126 680 181; x_wconf 86' lang='lat' dir='ltr'><em>v.</em></span> <span class='ocrx_word' id='word_1_3' title='bbox 1035 124 1098 189; x_wconf 81' lang='lat'><em>215</em></span> 
     </span>
    </p>
   </div>
   <div class='ocr_carea' id='block_1_2' title="bbox 36 242 1162 3108">
    <p class='ocr_par' dir='ltr' id='par_1_2' title="bbox 36 242 1162 3108">
     <span class='ocr_line' id='line_1_2' title="bbox 83 242 1098 342; baseline 0.001 -21"><span class='ocrx_word' id='word_1_4' title='bbox 83 254 208 323; x_wconf 76' lang='grc' dir='ltr'><em>τοῦτον</em></span> <span class='ocrx_word' id='word_1_5' title='bbox 236 242 299 320; x_wconf 80' lang='grc' dir='ltr'><em>οὖν</em></span> <span class='ocrx_word' id='word_1_6' title='bbox 326 248 387 320; x_wconf 84' lang='grc' dir='ltr'><em>τόν</em></span> <span class='ocrx_word' id='word_1_7' title='bbox 416 251 555 338; x_wconf 92' lang='grc' dir='ltr'><em>Γάλλον,</em></span> <span class='ocrx_word' id='word_1_8' title='bbox 583 249 644 320; x_wconf 86' lang='grc' dir='ltr'><em>τόν</em></span> <span class='ocrx_word' id='word_1_9' title='bbox 672 251 793 342; x_wconf 86' lang='grc' dir='ltr'><em>νοερὸν</em></span> <span class='ocrx_word' id='word_1_10' title='bbox 820 252 919 340; x_wconf 89' lang='grc' dir='ltr'><em>θεόν,</em></span> <span class='ocrx_word' id='word_1_11' title='bbox 948 251 1008 322; x_wconf 90' lang='grc' dir='ltr'><em>τὸν</em></span> <span class='ocrx_word' id='word_1_12' title='bbox 1030 257 1098 322; x_wconf 79' lang='grc' dir='ltr'><em>τῶν</em></span> 
     </span>
     <span class='ocr_line' id='line_1_3' title="bbox 84 353 1097 450; baseline 0 -21"><span class='ocrx_word' id='word_1_13' title='bbox 84 358 216 429; x_wconf 71' lang='grc' dir='ltr'><em>ἐνάλων</em></span> <span class='ocrx_word' id='word_1_14' title='bbox 243 359 299 427; x_wconf 77' lang='grc' dir='ltr'><em>καὶ</em></span> <span class='ocrx_word' id='word_1_15' title='bbox 326 353 392 427; x_wconf 81' lang='grc' dir='ltr'><em>ὑπὸ</em></span> <span class='ocrx_word' id='word_1_16' title='bbox 425 358 568 446; x_wconf 78' lang='grc' dir='ltr'><em>σελήνην</em></span> <span class='ocrx_word' id='word_1_17' title='bbox 596 362 697 427; x_wconf 80' lang='grc' dir='ltr'><em>είδῶν</em></span> <span class='ocrx_word' id='word_1_18' title='bbox 724 361 882 447; x_wconf 86' lang='grc' dir='ltr'><em>συνοχέα,</em></span> <span class='ocrx_word' id='word_1_19' title='bbox 915 362 954 449; x_wconf 83' lang='grc' dir='ltr'><em>τή</em></span> <span class='ocrx_word' id='word_1_20' title='bbox 982 387 1097 450; x_wconf 87' lang='grc' dir='ltr'><em>προτε-</em></span> 
     </span>
     <span class='ocr_line' id='line_1_4' title="bbox 85 461 1097 555; baseline 0.001 -21"><span class='ocrx_word' id='word_1_21' title='bbox 85 466 232 554; x_wconf 86' lang='grc' dir='ltr'><em>ταγμένη</em></span> <span class='ocrx_word' id='word_1_22' title='bbox 258 467 317 552; x_wconf 88' lang='grc' dir='ltr'><em>τής</em></span> <span class='ocrx_word' id='word_1_23' title='bbox 344 461 426 551; x_wconf 84' lang='grc' dir='ltr'><em>ύλης</em></span> <span class='ocrx_word' id='word_1_24' title='bbox 453 470 543 555; x_wconf 81' lang='grc' dir='ltr'><em>αίτίιγ</em></span> <span class='ocrx_word' id='word_1_25' title='bbox 572 464 748 552; x_wconf 90' lang='grc' dir='ltr'><em>συνιόντα,</em></span> <span class='ocrx_word' id='word_1_26' title='bbox 781 465 942 534; x_wconf 77' lang='grc' dir='ltr'><em>συνιόντα</em></span> <span class='ocrx_word' id='word_1_27' title='bbox 971 466 1008 535; x_wconf 71' lang='grc' dir='ltr'><em>δὲ</em></span> <span class='ocrx_word' id='word_1_28' title='bbox 1036 464 1097 555; x_wconf 85' lang='grc' dir='ltr'><em>οὐχ</em></span> 
     </span>
     <span class='ocr_line' id='line_1_5' title="bbox 84 565 1162 659; baseline 0.003 -19"><span class='ocrx_word' id='word_1_29' title='bbox 84 567 130 653; x_wconf 83' lang='grc' dir='ltr'><em>άς</em></span> <span class='ocrx_word' id='word_1_30' title='bbox 156 569 273 640; x_wconf 85' lang='grc' dir='ltr'><em>άλλον</em></span> <span class='ocrx_word' id='word_1_31' title='bbox 288 569 382 659; x_wconf 85' lang='grc' dir='ltr'><em>άλλη,</em></span> <span class='ocrx_word' id='word_1_32' title='bbox 410 567 477 639; x_wconf 82' lang='grc' dir='ltr'><em>ἀλλ’</em></span> <span class='ocrx_word' id='word_1_33' title='bbox 508 565 582 640; x_wconf 84' lang='grc' dir='ltr'><em>οἷον</em></span> <span class='ocrx_word' id='word_1_34' title='bbox 601 568 682 639; x_wconf 85' lang='grc' dir='ltr'><em>αὐτὸ</em></span> <span class='ocrx_word' id='word_1_35' title='bbox 702 578 749 653; x_wconf 86' lang='grc' dir='ltr'><em>είς</em></span> <span class='ocrx_word' id='word_1_36' title='bbox 766 574 865 641; x_wconf 83' lang='grc' dir='ltr'><em>τοῦτο</em></span> <span class='ocrx_word' id='word_1_37' title='bbox 894 627 927 640; x_wconf 89' lang='grc'><em>..</em></span> <span class='ocrx_word' id='word_1_38' title='bbox 948 628 954 640; x_wconf 95' lang='grc'><em>.</em></span> <span class='ocrx_word' id='word_1_39' title='bbox 975 628 981 641; x_wconf 92' lang='grc'><strong>.</strong></span> <span class='ocrx_word' id='word_1_40' title='bbox 1010 568 1162 644; x_wconf 54' lang='lat' dir='ltr'><em>{mo-166⁶</em></span> 
     </span>
     <span class='ocr_line' id='line_1_6' title="bbox 57 668 1097 770; baseline 0.003 -25"><span class='ocrx_word' id='word_1_41' title='bbox 57 678 283 767; x_wconf 85' lang='grc' dir='ltr'><em>εφερόμενον.</em></span> <span class='ocrx_word' id='word_1_42' title='bbox 332 683 381 758; x_wconf 89' lang='grc' dir='ltr'><em>τίς</em></span> <span class='ocrx_word' id='word_1_43' title='bbox 418 668 481 746; x_wconf 83' lang='grc' dir='ltr'><em>οὖν</em></span> <span class='ocrx_word' id='word_1_44' title='bbox 513 673 533 765; x_wconf 89' lang='grc' dir='ltr'><em>ή</em></span> <span class='ocrx_word' id='word_1_45' title='bbox 566 677 687 767; x_wconf 80' lang='grc' dir='ltr'><em>Μήτηρ</em></span> <span class='ocrx_word' id='word_1_46' title='bbox 724 682 792 770; x_wconf 79' lang='grc' dir='ltr'><em>τῶν</em></span> <span class='ocrx_word' id='word_1_47' title='bbox 828 682 935 762; x_wconf 80' lang='grc' dir='ltr'><em>θεῶν;</em></span> <span class='ocrx_word' id='word_1_48' title='bbox 973 675 992 767; x_wconf 90' lang='grc' dir='ltr'><em>ή</em></span> <span class='ocrx_word' id='word_1_49' title='bbox 1029 683 1097 748; x_wconf 80' lang='grc' dir='ltr'><em>τῶν</em></span> 
     </span>
     <span class='ocr_line' id='line_1_7' title="bbox 82 782 1096 875; baseline 0 -21"><span class='ocrx_word' id='word_1_50' title='bbox 82 783 328 874; x_wconf 80' lang='grc' dir='ltr'><em>κνβερνάντων</em></span> <span class='ocrx_word' id='word_1_51' title='bbox 360 782 439 865; x_wconf 83' lang='grc' dir='ltr'><em>τοὺς</em></span> <span class='ocrx_word' id='word_1_52' title='bbox 471 787 630 872; x_wconf 79' lang='grc' dir='ltr'><em>ἐμφανεῖς</em></span> <span class='ocrx_word' id='word_1_53' title='bbox 661 788 790 874; x_wconf 80' lang='grc' dir='ltr'><em>νοεράν</em></span> <span class='ocrx_word' id='word_1_54' title='bbox 817 786 873 853; x_wconf 78' lang='grc' dir='ltr'><em>καὶ</em></span> <span class='ocrx_word' id='word_1_55' title='bbox 901 790 1096 875; x_wconf 90' lang='grc' dir='ltr'><em>δημιουργι-</em></span> 
     </span>
     <span class='ocr_line' id='line_1_8' title="bbox 82 886 1136 984; baseline 0 -25"><span class='ocrx_word' id='word_1_56' title='bbox 82 895 153 959; x_wconf 76' lang='grc' dir='ltr'><em>κῶν</em></span> <span class='ocrx_word' id='word_1_57' title='bbox 180 894 274 959; x_wconf 79' lang='grc' dir='ltr'><em>θεῶν</em></span> <span class='ocrx_word' id='word_1_58' title='bbox 301 890 404 978; x_wconf 91' lang='grc' dir='ltr'><em>πηγή,</em></span> <span class='ocrx_word' id='word_1_59' title='bbox 433 886 452 978; x_wconf 89' lang='grc' dir='ltr'><em>ή</em></span> <span class='ocrx_word' id='word_1_60' title='bbox 482 892 537 958; x_wconf 87' lang='grc' dir='ltr'><em>καὶ</em></span> <span class='ocrx_word' id='word_1_61' title='bbox 564 893 707 959; x_wconf 79' lang='grc' dir='ltr'><em>τεκοῦσα</em></span> <span class='ocrx_word' id='word_1_62' title='bbox 734 893 787 959; x_wconf 77' lang='grc' dir='ltr'><em>καὶ</em></span> <span class='ocrx_word' id='word_1_63' title='bbox 818 895 1024 960; x_wconf 81' lang='grc' dir='ltr'><em>συνοικοῦσα</em></span> <span class='ocrx_word' id='word_1_64' title='bbox 1050 896 1096 984; x_wconf 76' lang='grc' dir='ltr'><em>τῷ</em></span> <span class='ocrx_word' id='word_1_65' title='bbox 1133 890 1136 895; x_wconf 64' lang='grc'><strong>’</strong></span> 
     </span>
     <span class='ocr_line' id='line_1_9' title="bbox 82 993 1097 1089; baseline 0 -23"><span class='ocrx_word' id='word_1_66' title='bbox 82 997 216 1089; x_wconf 86' lang='grc' dir='ltr'><em>μεγάλφ</em></span> <span class='ocrx_word' id='word_1_67' title='bbox 245 999 304 1065; x_wconf 81' lang='grc' dir='ltr'><em>Διὶ</em></span> <span class='ocrx_word' id='word_1_68' title='bbox 332 995 413 1077; x_wconf 85' lang='grc' dir='ltr'><em>θεὸς</em></span> <span class='ocrx_word' id='word_1_69' title='bbox 439 993 612 1065; x_wconf 82' lang='grc' dir='ltr'><em>ὑποστάσα</em></span> <span class='ocrx_word' id='word_1_70' title='bbox 644 998 767 1085; x_wconf 79' lang='grc' dir='ltr'><em>μεγάλη</em></span> <span class='ocrx_word' id='word_1_71' title='bbox 797 995 877 1085; x_wconf 79' lang='grc' dir='ltr'><em>μετὰ</em></span> <span class='ocrx_word' id='word_1_72' title='bbox 904 997 964 1066; x_wconf 87' lang='grc' dir='ltr'><em>τὸν</em></span> <span class='ocrx_word' id='word_1_73' title='bbox 991 1000 1097 1086; x_wconf 91' lang='grc' dir='ltr'><em>μέγαν</em></span> 
     </span>
     <span class='ocr_line' id='line_1_10' title="bbox 82 1100 1096 1232; baseline 0.002 -61"><span class='ocrx_word' id='word_1_74' title='bbox 82 1104 138 1172; x_wconf 77' lang='grc' dir='ltr'><em>καί</em></span> <span class='ocrx_word' id='word_1_75' title='bbox 167 1101 233 1172; x_wconf 82' lang='grc' dir='ltr'><em>σύν</em></span> <span class='ocrx_word' id='word_1_76' title='bbox 260 1107 306 1194; x_wconf 75' lang='grc' dir='ltr'><em>τῷ</em></span> <span class='ocrx_word' id='word_1_77' title='bbox 334 1103 463 1193; x_wconf 86' lang='grc' dir='ltr'><em>μεγάλφ</em></span> <span class='ocrx_word' id='word_1_78' title='bbox 492 1106 697 1195; x_wconf 76' lang='grc' dir='ltr'><em>δημιουργῷ,</em></span> <span class='ocrx_word' id='word_1_79' title='bbox 725 1100 744 1232; x_wconf 85' lang='grc' dir='ltr'><em>ή</em></span> <span class='ocrx_word' id='word_1_80' title='bbox 773 1104 881 1192; x_wconf 86' lang='grc' dir='ltr'><em>πάσης</em></span> <span class='ocrx_word' id='word_1_81' title='bbox 908 1103 969 1192; x_wconf 72' lang='grc' dir='ltr'><em>μὲν</em></span> <span class='ocrx_word' id='word_1_82' title='bbox 996 1111 1096 1194; x_wconf 93' lang='grc' dir='ltr'><em>κυρία</em></span> 
     </span>
     <span class='ocr_line' id='line_1_11' title="bbox 45 1206 1132 1301; baseline 0.005 -26"><span class='ocrx_word' id='word_1_83' title='bbox 45 1212 177 1298; x_wconf 81' lang='grc' dir='ltr'><em>ιοζωής,</em></span> <span class='ocrx_word' id='word_1_84' title='bbox 204 1209 312 1297; x_wconf 83' lang='grc' dir='ltr'><em>πάσης</em></span> <span class='ocrx_word' id='word_1_85' title='bbox 340 1209 377 1278; x_wconf 93' lang='grc' dir='ltr'><em>δε</em></span> <span class='ocrx_word' id='word_1_86' title='bbox 404 1210 564 1296; x_wconf 86' lang='grc' dir='ltr'><em>γενέσεως</em></span> <span class='ocrx_word' id='word_1_87' title='bbox 591 1206 740 1296; x_wconf 81' lang='grc' dir='ltr'><em>αἰτία,</em></span> <span class='ocrx_word' id='word_1_88' title='bbox 722 1240 743 1299; x_wconf 95' lang='grc' dir='ltr'><em>η</em></span> <span class='ocrx_word' id='word_1_89' title='bbox 772 1214 877 1301; x_wconf 80' lang='grc' dir='ltr'><em>ῥάστα</em></span> <span class='ocrx_word' id='word_1_90' title='bbox 904 1210 965 1298; x_wconf 69' lang='grc' dir='ltr'><em>μὲν</em></span> <span class='ocrx_word' id='word_1_91' title='bbox 993 1213 1132 1280; x_wconf 50' lang='grc' dir='ltr'><em>έπιτεΐ</em></span> 
     </span>
     <span class='ocr_line' id='line_1_12' title="bbox 81 1315 1096 1445; baseline 0.002 -61"><span class='ocrx_word' id='word_1_92' title='bbox 81 1320 190 1385; x_wconf 82' lang='grc' dir='ltr'><em>λούσα</em></span> <span class='ocrx_word' id='word_1_93' title='bbox 222 1315 262 1384; x_wconf 86' lang='grc' dir='ltr'><em>τά</em></span> <span class='ocrx_word' id='word_1_94' title='bbox 294 1315 494 1443; x_wconf 90' lang='grc' dir='ltr'><em>ποιούμενα,</em></span> <span class='ocrx_word' id='word_1_95' title='bbox 526 1319 679 1403; x_wconf 77' lang='grc' dir='ltr'><em>γεννῶσα</em></span> <span class='ocrx_word' id='word_1_96' title='bbox 707 1315 744 1385; x_wconf 66' lang='grc' dir='ltr'><em>δέ</em></span> <span class='ocrx_word' id='word_1_97' title='bbox 773 1322 859 1445; x_wconf 85' lang='grc' dir='ltr'><em>δίχα</em></span> <span class='ocrx_word' id='word_1_98' title='bbox 881 1317 1014 1399; x_wconf 91' lang='grc' dir='ltr'><em>πάθους</em></span> <span class='ocrx_word' id='word_1_99' title='bbox 1041 1319 1096 1386; x_wconf 83' lang='grc' dir='ltr'><em>καὶ</em></span> 
     </span>
     <span class='ocr_line' id='line_1_13' title="bbox 82 1419 1132 1513; baseline 0.003 -23"><span class='ocrx_word' id='word_1_100' title='bbox 82 1425 336 1512; x_wconf 84' lang='grc' dir='ltr'><em>δημιουργοῦσα</em></span> <span class='ocrx_word' id='word_1_101' title='bbox 368 1419 408 1490; x_wconf 84' lang='grc' dir='ltr'><em>τά</em></span> <span class='ocrx_word' id='word_1_102' title='bbox 441 1420 522 1490; x_wconf 90' lang='grc' dir='ltr'><em>όντα</em></span> <span class='ocrx_word' id='word_1_103' title='bbox 553 1421 634 1510; x_wconf 86' lang='grc' dir='ltr'><em>μετά</em></span> <span class='ocrx_word' id='word_1_104' title='bbox 665 1425 726 1491; x_wconf 78' lang='grc' dir='ltr'><em>τοῦ</em></span> <span class='ocrx_word' id='word_1_105' title='bbox 754 1423 890 1513; x_wconf 85' lang='grc' dir='ltr'><em>πατρός</em></span> <span class='ocrx_word' id='word_1_106' title='bbox 923 1420 1007 1511; x_wconf 80' lang='grc' dir='ltr'><em>αὕτη</em></span> <span class='ocrx_word' id='word_1_107' title='bbox 1040 1426 1132 1493; x_wconf 82' lang='grc' dir='ltr'><em>καὶΒ</em></span> 
     </span>
     <span class='ocr_line' id='line_1_14' title="bbox 81 1524 1096 1620; baseline -0.001 -22"><span class='ocrx_word' id='word_1_108' title='bbox 81 1531 254 1617; x_wconf 88' lang='grc' dir='ltr'><em>παρθένος</em></span> <span class='ocrx_word' id='word_1_109' title='bbox 295 1525 428 1618; x_wconf 87' lang='grc' dir='ltr'><em>άμήτωρ</em></span> <span class='ocrx_word' id='word_1_110' title='bbox 465 1530 521 1597; x_wconf 76' lang='grc' dir='ltr'><em>καὶ</em></span> <span class='ocrx_word' id='word_1_111' title='bbox 558 1524 643 1609; x_wconf 81' lang='grc' dir='ltr'><em>Διὸς</em></span> <span class='ocrx_word' id='word_1_112' title='bbox 679 1529 856 1610; x_wconf 80' lang='grc' dir='ltr'><em>σύνθακος</em></span> <span class='ocrx_word' id='word_1_113' title='bbox 893 1531 949 1598; x_wconf 79' lang='grc' dir='ltr'><em>καὶ</em></span> <span class='ocrx_word' id='word_1_114' title='bbox 991 1530 1096 1620; x_wconf 93' lang='grc' dir='ltr'><em>μήτηρ</em></span> 
     </span>
     <span class='ocr_line' id='line_1_15' title="bbox 81 1627 1097 1726; baseline 0 -22"><span class='ocrx_word' id='word_1_115' title='bbox 81 1638 175 1704; x_wconf 78' lang='grc' dir='ltr'><em>θεῶν</em></span> <span class='ocrx_word' id='word_1_116' title='bbox 209 1632 314 1716; x_wconf 87' lang='grc' dir='ltr'><em>όντως</em></span> <span class='ocrx_word' id='word_1_117' title='bbox 348 1627 433 1703; x_wconf 81' lang='grc' dir='ltr'><em>οὖσα</em></span> <span class='ocrx_word' id='word_1_118' title='bbox 460 1635 604 1703; x_wconf 84' lang='grc' dir='ltr'><em>πάντων.</em></span> <span class='ocrx_word' id='word_1_119' title='bbox 649 1639 717 1703; x_wconf 79' lang='grc' dir='ltr'><em>τῶν</em></span> <span class='ocrx_word' id='word_1_120' title='bbox 745 1634 809 1725; x_wconf 85' lang='grc' dir='ltr'><em>γάρ</em></span> <span class='ocrx_word' id='word_1_121' title='bbox 837 1638 969 1724; x_wconf 82' lang='grc' dir='ltr'><em>νοητάν</em></span> <span class='ocrx_word' id='word_1_122' title='bbox 997 1632 1097 1726; x_wconf 84' lang='grc' dir='ltr'><em>ὑπερ-</em></span> 
     </span>
     <span class='ocr_line' id='line_1_16' title="bbox 43 1742 1097 1831; baseline 0 -21"><span class='ocrx_word' id='word_1_123' title='bbox 43 1766 68 1809; x_wconf 79' lang='grc' dir='ltr'><em>ιι</em></span> <span class='ocrx_word' id='word_1_124' title='bbox 81 1748 234 1829; x_wconf 87' lang='grc' dir='ltr'><em>κοσμίων</em></span> <span class='ocrx_word' id='word_1_125' title='bbox 273 1743 366 1809; x_wconf 79' lang='grc' dir='ltr'><em>θεῶν</em></span> <span class='ocrx_word' id='word_1_126' title='bbox 403 1742 562 1830; x_wconf 75' lang='grc' dir='ltr'><em>δεξαμένη</em></span> <span class='ocrx_word' id='word_1_127' title='bbox 604 1743 739 1811; x_wconf 85' lang='grc' dir='ltr'><em>πάντων</em></span> <span class='ocrx_word' id='word_1_128' title='bbox 776 1749 883 1824; x_wconf 81' lang='grc' dir='ltr'><em>αἰτίας</em></span> <span class='ocrx_word' id='word_1_129' title='bbox 919 1745 956 1810; x_wconf 79' lang='grc' dir='ltr'><em>ἐν</em></span> <span class='ocrx_word' id='word_1_130' title='bbox 997 1745 1097 1831; x_wconf 82' lang='grc' dir='ltr'><em>ἕαυτή</em></span> 
     </span>
     <span class='ocr_line' id='line_1_17' title="bbox 80 1846 1097 1937; baseline 0.001 -20"><span class='ocrx_word' id='word_1_131' title='bbox 80 1846 171 1936; x_wconf 88' lang='grc' dir='ltr'><em>πηγή</em></span> <span class='ocrx_word' id='word_1_132' title='bbox 209 1862 279 1929; x_wconf 79' lang='grc' dir='ltr'><em>τοῖς</em></span> <span class='ocrx_word' id='word_1_133' title='bbox 315 1863 445 1937; x_wconf 81' lang='grc' dir='ltr'><em>νοεροῖς</em></span> <span class='ocrx_word' id='word_1_134' title='bbox 481 1849 619 1934; x_wconf 79' lang='grc' dir='ltr'><em>ἐγένετο.</em></span> <span class='ocrx_word' id='word_1_135' title='bbox 672 1848 798 1937; x_wconf 87' lang='grc' dir='ltr'><em>ταύτην</em></span> <span class='ocrx_word' id='word_1_136' title='bbox 834 1848 875 1937; x_wconf 88' lang='grc' dir='ltr'><em>δή</em></span> <span class='ocrx_word' id='word_1_137' title='bbox 912 1847 975 1936; x_wconf 86' lang='grc' dir='ltr'><em>τήν</em></span> <span class='ocrx_word' id='word_1_138' title='bbox 1012 1847 1097 1918; x_wconf 86' lang='grc' dir='ltr'><em>θεὸν</em></span> 
     </span>
     <span class='ocr_line' id='line_1_18' title="bbox 82 1946 1096 2044; baseline 0 -22"><span class='ocrx_word' id='word_1_139' title='bbox 82 1946 191 2022; x_wconf 84' lang='grc' dir='ltr'><em>οὖσαν</em></span> <span class='ocrx_word' id='word_1_140' title='bbox 218 1955 274 2022; x_wconf 78' lang='grc' dir='ltr'><em>καὶ</em></span> <span class='ocrx_word' id='word_1_141' title='bbox 301 1954 466 2044; x_wconf 91' lang='grc' dir='ltr'><em>πρόνοιαν</em></span> <span class='ocrx_word' id='word_1_142' title='bbox 494 1960 576 2042; x_wconf 85' lang='grc' dir='ltr'><em>ἔρως</em></span> <span class='ocrx_word' id='word_1_143' title='bbox 602 1954 663 2042; x_wconf 71' lang='grc' dir='ltr'><em>μὲν</em></span> <span class='ocrx_word' id='word_1_144' title='bbox 690 1950 844 2043; x_wconf 76' lang='grc' dir='ltr'><em>ὑπῆλθεν</em></span> <span class='ocrx_word' id='word_1_145' title='bbox 871 1952 1004 2042; x_wconf 88' lang='grc' dir='ltr'><em>άπαθής</em></span> <span class='ocrx_word' id='word_1_146' title='bbox 1024 1954 1096 2022; x_wconf 79' lang='grc' dir='ltr'><em>’Ἁτ-</em></span> 
     </span>
     <span class='ocr_line' id='line_1_19' title="bbox 80 2057 1097 2150; baseline 0 -21"><span class='ocrx_word' id='word_1_147' title='bbox 80 2066 187 2142; x_wconf 89' lang='grc' dir='ltr'><em>τιδος·</em></span> <span class='ocrx_word' id='word_1_148' title='bbox 221 2060 399 2129; x_wconf 80' lang='grc' dir='ltr'><em>ἕθελούσια</em></span> <span class='ocrx_word' id='word_1_149' title='bbox 432 2058 495 2150; x_wconf 85' lang='grc' dir='ltr'><em>γάρ</em></span> <span class='ocrx_word' id='word_1_150' title='bbox 524 2057 610 2150; x_wconf 81' lang='grc' dir='ltr'><em>αὐτή</em></span> <span class='ocrx_word' id='word_1_151' title='bbox 642 2062 697 2128; x_wconf 85' lang='grc' dir='ltr'><em>καὶ</em></span> <span class='ocrx_word' id='word_1_152' title='bbox 725 2059 809 2129; x_wconf 86' lang='grc' dir='ltr'><em>κατά</em></span> <span class='ocrx_word' id='word_1_153' title='bbox 841 2059 979 2148; x_wconf 78' lang='grc' dir='ltr'><em>γνώμην</em></span> <span class='ocrx_word' id='word_1_154' title='bbox 1006 2063 1097 2129; x_wconf 77' lang='grc' dir='ltr'><em>ἐστὶν</em></span> 
     </span>
     <span class='ocr_line' id='line_1_20' title="bbox 83 2163 1097 2254; baseline -0.001 -18"><span class='ocrx_word' id='word_1_155' title='bbox 83 2164 126 2236; x_wconf 89' lang='grc' dir='ltr'><em>ού</em></span> <span class='ocrx_word' id='word_1_156' title='bbox 153 2163 194 2235; x_wconf 88' lang='grc' dir='ltr'><em>τά</em></span> <span class='ocrx_word' id='word_1_157' title='bbox 222 2172 324 2235; x_wconf 86' lang='grc' dir='ltr'><em>ένυλα</em></span> <span class='ocrx_word' id='word_1_158' title='bbox 351 2167 458 2254; x_wconf 93' lang='grc' dir='ltr'><em>μόνον</em></span> <span class='ocrx_word' id='word_1_159' title='bbox 486 2173 569 2254; x_wconf 85' lang='grc' dir='ltr'><em>είδη,</em></span> <span class='ocrx_word' id='word_1_160' title='bbox 597 2165 682 2236; x_wconf 84' lang='grc' dir='ltr'><em>πολύ</em></span> <span class='ocrx_word' id='word_1_161' title='bbox 712 2167 748 2236; x_wconf 72' lang='grc' dir='ltr'><em>δὲ</em></span> <span class='ocrx_word' id='word_1_162' title='bbox 772 2168 873 2235; x_wconf 83' lang='grc' dir='ltr'><em>πλέον</em></span> <span class='ocrx_word' id='word_1_163' title='bbox 900 2165 940 2234; x_wconf 86' lang='grc' dir='ltr'><em>τά</em></span> <span class='ocrx_word' id='word_1_164' title='bbox 968 2165 1097 2235; x_wconf 88' lang='grc' dir='ltr'><em>τούτων</em></span> 
     </span>
     <span class='ocr_line' id='line_1_21' title="bbox 36 2270 1097 2362; baseline 0.001 -22"><span class='ocrx_word' id='word_1_165' title='bbox 36 2300 66 2340; x_wconf 83' lang='grc' dir='ltr'><em>ιο</em></span> <span class='ocrx_word' id='word_1_166' title='bbox 83 2282 183 2341; x_wconf 86' lang='grc' dir='ltr'><em>αίτια.</em></span> <span class='ocrx_word' id='word_1_167' title='bbox 225 2274 286 2360; x_wconf 87' lang='grc' dir='ltr'><em>τήν</em></span> <span class='ocrx_word' id='word_1_168' title='bbox 314 2270 356 2360; x_wconf 89' lang='grc' dir='ltr'><em>δή</em></span> <span class='ocrx_word' id='word_1_169' title='bbox 375 2272 415 2341; x_wconf 85' lang='grc' dir='ltr'><em>τά</em></span> <span class='ocrx_word' id='word_1_170' title='bbox 434 2272 594 2361; x_wconf 91' lang='grc' dir='ltr'><em>γινόμενα</em></span> <span class='ocrx_word' id='word_1_171' title='bbox 612 2275 668 2342; x_wconf 85' lang='grc' dir='ltr'><em>καὶ</em></span> <span class='ocrx_word' id='word_1_172' title='bbox 688 2273 896 2362; x_wconf 85' lang='grc' dir='ltr'><em>φθειρόμενα</em></span> <span class='ocrx_word' id='word_1_173' title='bbox 924 2272 1097 2355; x_wconf 78' lang='grc' dir='ltr'><em>σώζουσαν</em></span> 
     </span>
     <span class='ocr_line' id='line_1_22' title="bbox 81 2375 1132 2469; baseline 0.001 -21"><span class='ocrx_word' id='word_1_174' title='bbox 81 2379 296 2468; x_wconf 81' lang='grc' dir='ltr'><em>προμήθειαν</em></span> <span class='ocrx_word' id='word_1_175' title='bbox 333 2382 413 2469; x_wconf 85' lang='grc' dir='ltr'><em>ἐράν</em></span> <span class='ocrx_word' id='word_1_176' title='bbox 450 2375 467 2448; x_wconf 86' lang='grc' dir='ltr'>ὁ</span> <span class='ocrx_word' id='word_1_177' title='bbox 505 2383 615 2467; x_wconf 80' lang='grc' dir='ltr'><em>μῦθος</em></span> <span class='ocrx_word' id='word_1_178' title='bbox 657 2385 720 2467; x_wconf 81' lang='grc' dir='ltr'><em>ἔφη</em></span> <span class='ocrx_word' id='word_1_179' title='bbox 757 2383 815 2467; x_wconf 87' lang='grc' dir='ltr'><em>τής</em></span> <span class='ocrx_word' id='word_1_180' title='bbox 856 2382 1132 2468; x_wconf 75' lang='grc' dir='ltr'><em>δημιουργικήςθ</em></span> 
     </span>
     <span class='ocr_line' id='line_1_23' title="bbox 81 2482 1098 2575; baseline -0.001 -20"><span class='ocrx_word' id='word_1_181' title='bbox 81 2485 214 2555; x_wconf 87' lang='grc' dir='ltr'><em>τούτων</em></span> <span class='ocrx_word' id='word_1_182' title='bbox 242 2491 349 2567; x_wconf 81' lang='grc' dir='ltr'><em>αἰτίας</em></span> <span class='ocrx_word' id='word_1_183' title='bbox 376 2488 431 2554; x_wconf 86' lang='grc' dir='ltr'><em>καὶ</em></span> <span class='ocrx_word' id='word_1_184' title='bbox 460 2493 617 2575; x_wconf 92' lang='grc' dir='ltr'><em>γονίμου,</em></span> <span class='ocrx_word' id='word_1_185' title='bbox 645 2488 700 2556; x_wconf 83' lang='grc' dir='ltr'><em>καὶ</em></span> <span class='ocrx_word' id='word_1_186' title='bbox 728 2485 875 2556; x_wconf 83' lang='grc' dir='ltr'><em>κελεύειν</em></span> <span class='ocrx_word' id='word_1_187' title='bbox 903 2485 964 2574; x_wconf 66' lang='grc' dir='ltr'><em>μέν</em></span> <span class='ocrx_word' id='word_1_188' title='bbox 992 2482 1098 2573; x_wconf 87' lang='grc' dir='ltr'><em>αύτήν</em></span> 
     </span>
     <span class='ocr_line' id='line_1_24' title="bbox 83 2591 1098 2684; baseline 0 -24"><span class='ocrx_word' id='word_1_189' title='bbox 83 2595 122 2660; x_wconf 85' lang='grc' dir='ltr'><em>ἐν</em></span> <span class='ocrx_word' id='word_1_190' title='bbox 149 2594 195 2683; x_wconf 78' lang='grc' dir='ltr'><em>τῷ</em></span> <span class='ocrx_word' id='word_1_191' title='bbox 223 2595 332 2684; x_wconf 74' lang='grc' dir='ltr'><em>νοητῷ</em></span> <span class='ocrx_word' id='word_1_192' title='bbox 361 2598 483 2660; x_wconf 89' lang='grc' dir='ltr'><em>τίκτειν</em></span> <span class='ocrx_word' id='word_1_193' title='bbox 510 2596 637 2682; x_wconf 87' lang='grc' dir='ltr'><em>μάλλον</em></span> <span class='ocrx_word' id='word_1_194' title='bbox 664 2594 719 2660; x_wconf 82' lang='grc' dir='ltr'><em>καὶ</em></span> <span class='ocrx_word' id='word_1_195' title='bbox 747 2593 936 2680; x_wconf 80' lang='grc' dir='ltr'><em>βούλεσθαί</em></span> <span class='ocrx_word' id='word_1_196' title='bbox 960 2620 997 2679; x_wconf 90' lang='grc' dir='ltr'><em>γε</em></span> <span class='ocrx_word' id='word_1_197' title='bbox 1015 2591 1098 2682; x_wconf 89' lang='grc' dir='ltr'><em>πρὸς</em></span> 
     </span>
     <span class='ocr_line' id='line_1_25' title="bbox 83 2698 1097 2789; baseline 0 -23"><span class='ocrx_word' id='word_1_198' title='bbox 83 2698 208 2786; x_wconf 82' lang='grc' dir='ltr'><em>ἑαυτήν</em></span> <span class='ocrx_word' id='word_1_199' title='bbox 235 2698 463 2787; x_wconf 80' lang='grc' dir='ltr'><em>ἐπεστράφθαι</em></span> <span class='ocrx_word' id='word_1_200' title='bbox 491 2701 546 2768; x_wconf 82' lang='grc' dir='ltr'><em>καὶ</em></span> <span class='ocrx_word' id='word_1_201' title='bbox 565 2714 747 2789; x_wconf 78' lang='grc' dir='ltr'><em>συνοικεῖν,</em></span> <span class='ocrx_word' id='word_1_202' title='bbox 776 2703 936 2787; x_wconf 81' lang='grc' dir='ltr'><em>ἐπίταγμα</em></span> <span class='ocrx_word' id='word_1_203' title='bbox 960 2699 997 2766; x_wconf 74' lang='grc' dir='ltr'><em>δὲ</em></span> <span class='ocrx_word' id='word_1_204' title='bbox 1024 2726 1097 2767; x_wconf 91' lang='grc' dir='ltr'><em>ποι-</em></span> 
     </span>
     <span class='ocr_line' id='line_1_26' title="bbox 37 2802 1097 2894; baseline 0.003 -24"><span class='ocrx_word' id='word_1_205' title='bbox 37 2828 69 2871; x_wconf 74' lang='grc' dir='ltr'><em>εο</em></span> <span class='ocrx_word' id='word_1_206' title='bbox 84 2815 209 2890; x_wconf 81' lang='grc' dir='ltr'><em>εϊσθαι,</em></span> <span class='ocrx_word' id='word_1_207' title='bbox 236 2806 355 2892; x_wconf 82' lang='grc' dir='ltr'><em>μηδενὶ</em></span> <span class='ocrx_word' id='word_1_208' title='bbox 383 2808 451 2874; x_wconf 77' lang='grc' dir='ltr'><em>τῶν</em></span> <span class='ocrx_word' id='word_1_209' title='bbox 479 2803 598 2892; x_wconf 88' lang='grc' dir='ltr'><em>άλλων,</em></span> <span class='ocrx_word' id='word_1_210' title='bbox 627 2803 694 2894; x_wconf 78' lang='grc' dir='ltr'><em>ἅμα</em></span> <span class='ocrx_word' id='word_1_211' title='bbox 721 2805 783 2894; x_wconf 72' lang='grc' dir='ltr'><em>μὲν</em></span> <span class='ocrx_word' id='word_1_212' title='bbox 805 2802 842 2874; x_wconf 89' lang='grc' dir='ltr'><em>τὸ</em></span> <span class='ocrx_word' id='word_1_213' title='bbox 863 2805 1006 2886; x_wconf 66' lang='grc' dir='ltr'><em>ε’νοειδδς</em></span> <span class='ocrx_word' id='word_1_214' title='bbox 1033 2826 1097 2873; x_wconf 86' lang='grc' dir='ltr'><em>σω-</em></span> 
     </span>
     <span class='ocr_line' id='line_1_27' title="bbox 81 2909 1098 3001; baseline -0.001 -22"><span class='ocrx_word' id='word_1_215' title='bbox 81 2910 201 2998; x_wconf 91' lang='grc' dir='ltr'><em>τήριον</em></span> <span class='ocrx_word' id='word_1_216' title='bbox 234 2910 440 2999; x_wconf 78' lang='grc' dir='ltr'><em>διώκουσαν,</em></span> <span class='ocrx_word' id='word_1_217' title='bbox 473 2909 540 3000; x_wconf 82' lang='grc' dir='ltr'><em>ἅμα</em></span> <span class='ocrx_word' id='word_1_218' title='bbox 568 2911 605 2981; x_wconf 66' lang='grc' dir='ltr'><em>δέ</em></span> <span class='ocrx_word' id='word_1_219' title='bbox 633 2911 829 3000; x_wconf 88' lang='grc' dir='ltr'><em>φεύγουσαν</em></span> <span class='ocrx_word' id='word_1_220' title='bbox 861 2909 897 2980; x_wconf 87' lang='grc' dir='ltr'><em>τὸ</em></span> <span class='ocrx_word' id='word_1_221' title='bbox 926 2910 1010 3001; x_wconf 86' lang='grc' dir='ltr'><em>πρὸς</em></span> <span class='ocrx_word' id='word_1_222' title='bbox 1036 2910 1098 3000; x_wconf 86' lang='grc' dir='ltr'><em>τήν</em></span> 
     </span>
     <span class='ocr_line' id='line_1_28' title="bbox 83 3015 1097 3108; baseline 0.002 -23"><span class='ocrx_word' id='word_1_223' title='bbox 83 3015 171 3105; x_wconf 81' lang='grc' dir='ltr'><em>ὕλην</em></span> <span class='ocrx_word' id='word_1_224' title='bbox 208 3021 346 3086; x_wconf 81' lang='grc' dir='ltr'><em>νεῦσαν·</em></span> <span class='ocrx_word' id='word_1_225' title='bbox 388 3016 472 3108; x_wconf 86' lang='grc' dir='ltr'><em>πρὸς</em></span> <span class='ocrx_word' id='word_1_226' title='bbox 512 3019 634 3107; x_wconf 83' lang='grc' dir='ltr'><em>ἑαυτήν</em></span> <span class='ocrx_word' id='word_1_227' title='bbox 670 3045 705 3086; x_wconf 88' lang='grc' dir='ltr'><em>τε</em></span> <span class='ocrx_word' id='word_1_228' title='bbox 740 3021 875 3105; x_wconf 81' lang='grc' dir='ltr'><em>βλέπειν</em></span> <span class='ocrx_word' id='word_1_229' title='bbox 916 3020 1097 3104; x_wconf 83' lang='grc' dir='ltr'><em>ἐκέλευσεν,</em></span> 
     </span>
    </p>
   </div>
   <div class='ocr_carea' id='block_1_3' title="bbox 85 3286 1099 3563">
    <p class='ocr_par' dir='ltr' id='par_1_3' title="bbox 85 3286 1099 3563">
     <span class='ocr_line' id='line_1_29' title="bbox 171 3286 1099 3362; baseline 0.001 -18"><span class='ocrx_word' id='word_1_230' title='bbox 171 3296 189 3344; x_wconf 99' lang='lat'>4</span> <span class='ocrx_word' id='word_1_231' title='bbox 215 3286 487 3362; x_wconf 82' lang='grc' dir='ltr'><em>ύποφερόμενον],</em></span> <span class='ocrx_word' id='word_1_232' title='bbox 490 3297 591 3358; x_wconf 79' lang='lat' dir='ltr'>‚Deest</span> <span class='ocrx_word' id='word_1_233' title='bbox 613 3296 740 3355; x_wconf 83' lang='lat' dir='ltr'><strong>verbum</strong></span> <span class='ocrx_word' id='word_1_234' title='bbox 768 3301 834 3360; x_wconf 82' lang='lat' dir='ltr'>puta</span> <span class='ocrx_word' id='word_1_235' title='bbox 859 3292 1007 3362; x_wconf 86' lang='grc' dir='ltr'><em>λέγομεν.“</em></span> <span class='ocrx_word' id='word_1_236' title='bbox 1037 3296 1099 3352; x_wconf 78' lang='lat' dir='ltr'><em>Pet</em></span> 
     </span>
     <span class='ocr_line' id='line_1_30' title="bbox 87 3350 1099 3480; baseline 0.004 -69"><span class='ocrx_word' id='word_1_237' title='bbox 87 3364 120 3411; x_wconf 92' lang='lat'><em>14</em></span> <span class='ocrx_word' id='word_1_238' title='bbox 137 3350 336 3480; x_wconf 84' lang='grc' dir='ltr'><em>ύπερκοομίαιν</em></span> <span class='ocrx_word' id='word_1_239' title='bbox 356 3363 430 3414; x_wconf 80' lang='lat' dir='ltr'>delet</span> <span class='ocrx_word' id='word_1_240' title='bbox 448 3364 478 3414; x_wconf 92' lang='lat' dir='ltr'>B</span> <span class='ocrx_word' id='word_1_241' title='bbox 498 3363 673 3427; x_wconf 69' lang='grc' dir='ltr'><em>λ’τίεδειίολι,</em></span> <span class='ocrx_word' id='word_1_242' title='bbox 681 3379 745 3446; x_wconf 81' lang='lat' dir='ltr'><em>ego</em></span> <span class='ocrx_word' id='word_1_243' title='bbox 764 3378 793 3414; x_wconf 86' lang='grc' dir='ltr'><em>τε</em></span> <span class='ocrx_word' id='word_1_244' title='bbox 813 3363 911 3413; x_wconf 78' lang='lat' dir='ltr'><strong>addam</strong></span> <span class='ocrx_word' id='word_1_245' title='bbox 999 3364 1030 3413; x_wconf 75' lang='lat'><em>15</em></span> <span class='ocrx_word' id='word_1_246' title='bbox 1054 3359 1099 3415; x_wconf 87' lang='grc' dir='ltr'><em>οιί-</em></span> 
     </span>
     <span class='ocr_line' id='line_1_31' title="bbox 85 3402 1098 3563; baseline 0.002 -84"><span class='ocrx_word' id='word_1_247' title='bbox 85 3423 347 3563; x_wconf 43' lang='grc' dir='ltr'><em>ἑήαηήφηςναρίτίας</em></span> <span class='ocrx_word' id='word_1_248' title='bbox 365 3432 392 3481; x_wconf 89' lang='grc' dir='ltr'>Η</span> <span class='ocrx_word' id='word_1_249' title='bbox 472 3434 504 3483; x_wconf 90' lang='grc'><em>18</em></span> <span class='ocrx_word' id='word_1_250' title='bbox 523 3423 600 3482; x_wconf 80' lang='grc' dir='ltr'><em>έστλν</em></span> <span class='ocrx_word' id='word_1_251' title='bbox 618 3429 654 3496; x_wconf 90' lang='grc' dir='ltr'><em>Η]</em></span> <span class='ocrx_word' id='word_1_252' title='bbox 666 3402 736 3482; x_wconf 70' lang='grc' dir='ltr'><em>ἐστὶ</em></span> <span class='ocrx_word' id='word_1_253' title='bbox 811 3434 841 3481; x_wconf 83' lang='grc'><em>19</em></span> <span class='ocrx_word' id='word_1_254' title='bbox 862 3429 927 3496; x_wconf 76' lang='grc' dir='ltr'><em>εἴδη</em></span> <span class='ocrx_word' id='word_1_255' title='bbox 946 3426 1019 3495; x_wconf 82' lang='lat' dir='ltr'>Pet]</span> <span class='ocrx_word' id='word_1_256' title='bbox 1040 3423 1098 3497; x_wconf 87' lang='grc' dir='ltr'><em>ήδη</em></span> 
     </span>
    </p>
   </div>
   <div class='ocr_carea' id='block_1_4' title="bbox 0 0 1206 3960">
    <p class='ocr_par' dir='ltr' id='par_1_4' title="bbox 0 0 1206 3960">
     <span class='ocr_line' id='line_1_32' title="bbox 0 0 1206 3960; baseline 0 0"><span class='ocrx_word' id='word_1_257' title='bbox 0 0 1206 3960; x_wconf 95' lang='lat' dir='ltr'><em> </em></span> 
     </span>
    </p>
   </div>
  </div>
 </body>
</html>
