2392 3960
448 168 629 220 οειεεοπε
647 173 688 222 ω.
1010 170 1074 235 575

147 299 231 370 Ἀλλ’
267 301 284 372 ό
318 306 495 383 θεσπέσιος
520 301 736 394 Ἀλέξανδρος
767 305 803 373 έκ
833 311 937 373 τίνων
964 305 1072 393 έφάνη

55 429 112 476 σοι
137 412 345 494 τηλικοῦτος;
368 401 421 496 ἀρ’
439 408 490 478 ότι
513 409 654 498 μιμητής
676 408 782 480 αὐτοῦ
803 411 985 499 γενόμενος
1007 411 1073 500 ε’ζή-

55 522 169 593 λωσας
182 513 245 582 ὅσα
260 514 425 607 ἐκείνῳτὸ
440 515 613 604 μειράκιον
628 514 675 606 (ὁ)
686 515 869 605 Ἑρμόλαος
881 515 1121 600 ῶνείδισενςιιε

55 620 77 710 ή
97 625 197 690 τοῦτο
217 621 278 706 μὲν
298 619 409 702 οὐδεὶς
428 621 534 703 οὕτως
552 623 643 698 ἐστὶν
662 619 803 709 ἀνόητος
821 621 866 704 ῶς
882 618 1073 712 ὑπονοῆσαι

36 729 133 816 ἰπερὶ
157 731 235 796 σοῦ·
265 725 466 797 τούναντίον
489 728 526 796 δέ
548 729 604 796 καί
627 727 707 817 ὅπερ
731 726 925 818 ἀπωδύρετο
948 728 1072 799 παθῶν

50 833 250 924 Ἑρμόλαος,
282 833 337 900 καὶ
361 833 476 923 διόπερ
500 839 661 917 διενοεῖτο
684 835 746 904 τὸν
765 830 999 922 Ἀλέξανδρον,
1027 835 1073 918 ῶς
1102 841 1104 845 ’

55 961 178 1029 φασιν,
201 937 403 1027 ἀποκτεῖναι,
426 946 524 1010 τοῦτο
548 941 585 1009 δὲ
609 938 721 1021 οόδελς
743 939 834 1021 ὅστις
855 942 1072 1028 πεπεισμένος

56 1045 119 1116 οὐκ
143 1053 211 1116 ἔστι
233 1047 308 1134 περὶ
331 1050 410 1128 σούς
432 1052 566 1127 πολλῶν
589 1047 627 1116 δέ
649 1047 713 1134 ἐγὼ
735 1045 778 1135 νή
796 1045 875 1126 τοὺς
893 1044 997 1127 θεοὺς
1014 1049 1071 1116 καὶ

55 1154 191 1241 σφόδρα
219 1174 256 1222 σε
282 1155 443 1244 φαμένων
468 1162 580 1242 φιλεῖν
609 1153 736 1243 ἀκήκοα
758 1152 865 1222 πολλὰ
881 1151 970 1240 ,ὑπὲρ
993 1154 1072 1223 ταό·

36 1287 114 1347 ιτης
142 1259 424 1351 ἀπολογουμένων
449 1265 507 1348 τής
533 1259 708 1350 ἁμαρτίας,
739 1259 805 1348 ήδη
833 1260 874 1327 δέ
897 1285 988 1340 τινος
1014 1263 1071 1330 καλ

55 1366 285 1451 ἀπιστοῦντος.
325 1366 404 1439 ’ἀλλ’
434 1361 533 1449 οὗτός
565 1370 655 1437 ἐστιν
686 1365 707 1457 ή
740 1373 800 1455 μία
830 1367 990 1455 χελιδῶν,
1028 1369 1071 1439 οὐ

54 1492 148 1545 ποιεῖ
176 1477 213 1546 τὸ
247 1483 314 1565 έαρ.
360 1473 432 1545 ἀλλ’
464 1485 543 1556 ἴσως
570 1477 701 1544 ἐκεῖθεν
724 1471 940 1564 Ἀλέξανδρος
966 1474 1068 1566 ῶφθη

55 1605 111 1652 σοι
149 1585 264 1671 μέγας,
301 1583 352 1652 ὅτι
379 1583 595 1670 Καλλισθένη
632 1583 694 1671 μὲν
730 1580 899 1651 ἀπέκτεινε
934 1588 1070 1673 πικρῶς,

55 1698 197 1770 Κλεῖτος
225 1690 262 1759 δέ
289 1688 394 1759 αὐτοῦ
419 1694 478 1777 τῆς
503 1697 680 1779 παροινίας
702 1695 803 1779 ἔργον
825 1691 971 1777 ἐγένετο,
1011 1700 1070 1760 Φι-

36 1797 163 1877 Ιλῶτας
188 1824 223 1866 τε
249 1798 305 1866 καὶ
331 1801 534 1886 Παρμενίων
567 1797 636 1882 [καὶ
662 1795 700 1865 τὸ
728 1803 969 1887 Παρμενίωνος
995 1823 1070 1867 παι-

54 1911 158 1989 δίον].
204 1909 314 1972 ἔπειτα
335 1902 376 1973 τδι
397 1905 473 1992 περὶ
495 1903 555 1973 τὸν
570 1903 712 1992 Ἕκτορα
734 1903 796 1974 τὸν
822 1907 874 1991 [ἐν
895 1904 1084 1994 Αἰγύπτῳ]

53 2015 118 2081 τοῦ
147 2016 275 2078 Νείλου
305 2019 378 2090 ταῖς
409 2015 519 2090 δίναις
549 2006 570 2098 ή
602 2025 674 2090 ταίς
700 2007 900 2100 Εάφράτου·
940 2013 1070 2098 λέγεται

53 2116 119 2206 γὰρ
153 2117 324 2205 ἑκάτερον·
361 2119 624 2204 έναποπνιγέντα
655 2119 711 2186 καὶ
742 2117 801 2197 τδις
833 2116 934 2198 ἀλλας
963 2115 1069 2187 αὐτοῦ
1097 2188 1103 2197 ,

52 2222 191 2304 παιδιὰς
218 2228 346 2309 σιωπῶ,
373 2223 418 2312 μή
445 2229 656 2312 βλασφημεῖν
684 2222 793 2314 ἀνδρα
820 2225 907 2307 δόξω
934 2225 971 2294 τὸ
995 2251 1068 2293 κατ-

36 2333 266 2421 ιωρθωμένον
288 2330 349 2418 μὲν
373 2327 528 2418 οὐδαμῶς
551 2335 677 2419 ἔχοντα,
699 2331 878 2421 κράτιστον
896 2333 1009 2421 μέντοι
1027 2330 1068 2400 τδι

52 2437 216 2524 πολεμικὰ
255 2435 478 2526 [στρατηγόν].
522 2429 572 2505 ῶν
603 2435 647 2504 σὺ
675 2436 758 2505 κατὰ
783 2437 846 2527 τήν
872 2445 1068 2527 προαίρεσιν
1160 2454 1163 2461 ’

53 2546 111 2614 καὶ
147 2547 228 2613 κατὰ
264 2545 327 2632 τήν
358 2541 520 2633 ἀνδρείαν
551 2548 688 2612 ἔλαττον
719 2546 862 2632 μετέχεις
892 2543 913 2633 ή
944 2532 1069 2633 τριχῶν

53 2652 181 2741 ἰχθύες.
224 2651 326 2720 ἀκουε
353 2648 396 2738 δή
422 2653 481 2737 τῆς
501 2651 727 2738 παραινέσεως
748 2648 793 2739 μή
816 2655 895 2719 λίαν
917 2647 1068 2739 ὀργίλως,

126 2757 176 2826 Οὔ
198 2785 263 2846 τοι,
284 2758 404 2826 τέκνον
426 2754 523 2844 ἐμόν,
547 2757 681 2824 δέδοται
702 2756 865 2845 πολεμήια
887 2762 979 2846 ἔργα,
1071 2830 1073 2836 ,

36 2867 93 2936 »τὸ
128 2865 165 2933 δὲ
193 2864 266 2950 έξής
294 2859 335 2932 οὐ
366 2860 574 2951 παραγράφω
603 2882 673 2949 σοι,
710 2863 910 2952 αἰσχύνομαι
938 2864 1002 2952 γὰρ
1025 2863 1068 2952 νή
1078 2900 1118 2940 119

51 2971 135 3051 τοὺς
157 2970 268 3049 θεοός.
300 2966 381 3051 ἀξιῶ
404 2969 518 3057 μέντοι
541 2988 578 3036 σε
600 2967 870 3057 προσυπακούειν
892 2967 989 3039 αὐτό·
1010 2971 1099 3045 καλε

126 3120 139 3166 1
160 3107 231 3166 Ἀλλ’
256 3105 271 3166 ό
290 3107 483 3173 θεσπέσιος-
502 3130 528 3178 p.
541 3117 635 3175 5⁷7,10
652 3118 679 3164 et
698 3116 727 3164 11
746 3105 949 3181 τεκμήρασθαι
968 3115 1067 3166 desunt

51 3186 140 3250 vulgo
192 3188 207 3235 3
226 3173 241 3234 ό
259 3182 319 3233 add.
336 3179 421 3231 Hrch.
469 3183 501 3233 15
514 3186 543 3231 et
556 3183 586 3233 16
604 3179 654 3233 καὶ
672 3175 705 3233 τδ
724 3181 930 3248 Παρμενίωνος
947 3179 1068 3234 παιδίον

52 3254 135 3306 uncis
153 3252 266 3302 inclusit
278 3248 384 3314 Heyler
420 3251 452 3300 16
470 3242 501 3301 έν
511 3241 646 3316 Αίγόπτςο
663 3250 743 3300 uncis
754 3249 868 3303 inclusit
884 3250 912 3300 Η
948 3252 978 3301 16
992 3241 1068 3313 δόξω

52 3317 152 3385 Hreh.]
170 3313 288 3384 δόξαιμι
339 3321 371 3369 19
390 3322 418 3369 et
435 3319 469 3369 20
487 3311 716 3397 κατωρθωμέμον
733 3313 773 3384 H]
792 3311 1016 3384 κατορθῶμενον
1034 3319 1067 3380 Α,

52 3380 295 3452 κατορθούμενον
317 3387 415 3439 Hroh.v
475 3387 507 3437 21
531 3400 691 3452 στρατηγον
713 3386 792 3436 uncia
809 3385 922 3463 inclusit
939 3385 965 3434 Η
1034 3386 1068 3434 24

51 3457 135 3511 Iliad,
152 3471 182 3520 ε,
201 3457 252 3506 428
337 3454 370 3505 25
396 3447 579 3521 παραγράφω
596 3467 641 3505 σοι
670 3449 710 3518 Η]
733 3467 970 3530 παραγρριφομαι.
1004 3451 1067 3506 Vid.

51 3522 163 3578 Annall.
182 3523 258 3589 Lips.
277 3539 303 3580 ε.
322 3523 430 3588 18711).
452 3525 501 3574 ‘229
570 3517 881 3589 26καλΗογ1οι]καν
