2392 3960
237 184 416 237 EPISTOLA
433 186 482 236 AD
504 185 532 237 S.
551 187 582 235 P.
601 186 635 247 Q.
653 185 924 236 ATHENIENSEM.
1036 184 1096 248 351

83 314 240 399 ἐφαίνετο
273 311 466 399 ἐπιτήδειος.
517 307 589 379 ἀλλ’
620 313 720 400 ε’χρῆν
751 308 857 380 αὐτὸν
889 313 944 382 καὶ
976 311 1099 383 τούτου

83 419 271 507 στέρεσθαι.
322 419 499 506 ξυγχωροῆ,
532 416 634 503 λόγον
666 444 703 502 γε
739 417 872 498 πάντως
907 415 1099 508 ὑποσχόντα
1116 437 1142 490 Β

83 523 259 614 πρότερον,
288 521 398 614 ὥσπερ
425 522 508 604 τούς
533 522 752 612 κακούργους.
790 521 832 593 οὐ
859 523 923 614 γὰρ
952 523 994 613 δή
1021 523 1100 607 τοὺς

83 631 147 718 μὲν
174 628 296 718 λῃστὰς
323 625 341 698 ὁ
370 629 473 718 νόμος
491 627 692 716 ἀπαγορεύει
719 633 765 722 τῷ
784 629 924 718 δήσαντι
948 637 1101 719 κτείνειν,
1176 649 1177 652 ’

56 735 164 817 οτοὺς
196 734 442 826 ἀφαιρεθέντας
469 735 506 805 δέ
533 735 642 824 τιμάς,
675 732 714 816 ἀς
741 733 848 824 εἶχον,
880 738 937 806 καὶ
964 740 1100 825 γενομέ-

82 871 167 923 νους
194 845 227 924 ἐξ
256 840 428 932 ἀρχόντων
457 841 590 922 ἰδιώτας
617 839 775 930 ἀκρίτους
792 844 877 930 φησὶ
903 848 977 911 δεῖν
1005 841 1098 912 ἀναι-

84 960 228 1038 ρεῖσθαι.
277 955 313 1015 τί
341 949 420 1037 γάρ,
457 953 489 1017 εί
518 951 586 1016 τῶν
618 943 862 1037 ἁμαρτημάτων
894 947 982 1036 εἶχεν
1018 947 1099 1018 ἀπο-

85 1059 192 1144 φῆναι
219 1053 298 1135 τοὺς
325 1060 468 1137 αίτίους;
502 1056 657 1124 έδέδοντο
685 1052 749 1141 γάρ
782 1048 873 1146 αὐτῷ
900 1081 1004 1124 τινων
1031 1058 1099 1125 ἐπι-

84 1168 212 1244 στολαί,
227 1156 407 1249 Ἡράκλεις,
422 1158 503 1241 ὅσας
521 1166 657 1248 ἔχουσαι
675 1158 743 1229 κατ’
765 1158 871 1230 αὐτοῦ
889 1167 1100 1250 κατηγορίας,

43 1293 70 1332 ιο
85 1264 141 1354 ἐφ’
173 1261 226 1347 αἷς
253 1269 379 1347 ἐκεῖνος
406 1264 638 1354 ἀγανακτήσας
656 1263 897 1356 ἀκρατέστερον
924 1267 985 1354 μὲν
1013 1266 1140 1357 (καὶ)0

87 1482 146 1566 ζῆν
179 1475 273 1558 ἀξιον
306 1475 409 1547 οὐδὲν
445 1477 627 1568 έπεπράχει.
682 1481 753 1559 πῶς
785 1477 864 1568 γάρ;
903 1476 965 1566 οὐχ
1002 1471 1101 1561 οὗτός

85 1588 179 1653 ἐστιν
219 1581 414 1672 ἀνθρώποις
451 1581 554 1653 ἀπασι
594 1582 707 1665 κοινὸς
735 1581 893 1672 Ἕλλησιν
940 1582 1007 1673 ἅμα
1043 1589 1100 1654 καὶ

86 1690 272 1778 βαρβάροις
290 1686 307 1758 ὃ
327 1690 441 1777 νόμος,
470 1688 659 1779 ἀμύνεσθαι
677 1687 756 1770 τούς
774 1688 905 1770 ἀδικίας
932 1687 1100 1780 ὑπάρχον·
1156 1705 1159 1708 ’

41 1823 70 1862 15
86 1823 160 1878 τας;
198 1793 270 1864 ἀλλ’
308 1806 387 1876 ίσως
424 1795 486 1883 μὲν
521 1793 672 1884 ἠμύνατο
709 1796 914 1886 πικρότερον.
961 1794 1003 1865 οὐ
1035 1795 1102 1885 μήν

86 1905 149 1984 ἔξω
177 1901 285 1989 πάντή
312 1905 375 1970 τοῦ
402 1901 541 1983 εἰκότος·
573 1900 634 1970 τὸν
661 1899 727 1988 γὰρ
760 1901 885 1991 ἐχθρὸν
912 1899 970 1970 ὑπ’
1001 1900 1104 1992 όργῆς

86 2009 177 2089 εἰκός
202 2034 233 2075 τι
265 2010 321 2076 καὶ
349 2023 472 2094 ποιεῖν,
504 2017 631 2096 είρῆται
662 2008 719 2075 καὶ
746 2006 906 2097 πρόσθεν.
952 2005 1024 2076 ἀλλ’
1054 2014 1102 2090 εἰς
1119 2026 1145 2080 D

57 2114 187 2203 ,χάριν
228 2112 303 2193 ένὸς
343 2111 579 2203 ἀνδρογύνον,
624 2116 687 2182 τοῦ
726 2117 1004 2201 κατακοιμιστοῦ,
1045 2116 1102 2183 καὶ

85 2222 224 2308 προσέτι
256 2223 317 2288 τοῦ
348 2222 417 2288 τῶν
448 2225 617 2308 μαγείρων
648 2218 830 2307 ἐπιτρόπου
861 2215 922 2288 τὸν
949 2216 1102 2307 ἀνεψιόν,

40 2356 70 2394 νο
87 2325 150 2395 τὸν
177 2330 330 2414 καίσαρα,
357 2323 419 2394 τὸν
436 2328 494 2413 τῆς
522 2322 670 2414 ἀδελφῆς
688 2323 796 2414 ἀνδρα
819 2324 1013 2413 γενόμενον,
1040 2323 1102 2395 τόν

87 2436 147 2520 τῆς
179 2429 363 2520 ἀδελφιδῆς
394 2433 533 2519 πατέρα,
567 2423 610 2501 οὗ
641 2433 698 2500 καὶ
731 2429 833 2512 αὐτὸς
864 2431 1028 2521 πρότερον
1058 2423 1103 2520 ῆν

88 2536 310 2624 ἀγαγόμενος
330 2535 393 2626 τῆν
429 2535 595 2626 ἀδελφήν,
631 2536 715 2627 πρὸς
751 2535 793 2607 ὃν
829 2534 920 2630 αὐτῷ
956 2540 1103 2606 τοσαῦτα

87 2647 182 2713 θεῶν
206 2640 375 2731 ὁμογνίων
393 2640 520 2734 ὑπῆρχε
544 2648 668 2731 δίκαια,
695 2658 821 2712 κτεῖναι
843 2646 1016 2733 παρέδωκε
1033 2660 1104 2725 τοῖς
1131 2676 1134 2681 ·

88 2754 273 2838 ἐχθίστοις·
311 2750 366 2838 ἐμὲ
399 2749 436 2820 δέ
467 2747 575 2839 ἀφῆκε
611 2751 708 2839 μόγις
743 2747 824 2819 ἕπτόι
860 2753 977 2838 μηνῶν
1013 2747 1102 2819 ὅλων

41 2885 72 2925 τε
91 2855 245 2936 ἑλκύσας
268 2859 346 2944 τῆδε
382 2853 514 2925 κάκεῖσε
545 2858 601 2925 καὶ
633 2856 857 2944 ποιησόμενος
892 2862 1156 2946 έμφρουρον,ῖῖῖ

89 2960 193 3049 ὥστε,
231 2968 261 3031 εί
290 2961 334 3050 μῆ
366 2963 459 3031 θεῶν
495 2988 544 3043 τις
579 2961 741 3056 ἐθελήσας
776 2990 815 3050 με
852 2965 1006 3050 σωθῆναι
1041 2960 1104 3050 τῆν

89 3066 197 3156 καλήν
228 3070 283 3136 καὶ
317 3065 453 3156 ἀγαδῆν
484 3064 521 3137 τό
550 3069 732 3156 τηνικαῦτά
764 3095 822 3157 μοι
852 3070 1016 3157 παρέσχεν
1049 3065 1103 3137 εὐ-

160 3333 329 3425 ῖάαρίτους
349 3336 466 3410 Oobff]
448 3341 569 3409 ἀκρίτως
640 3345 671 3396 10
688 3340 739 3396 καί
759 3344 820 3396 add.
837 3347 899 3397 Pet.
969 3347 999 3395 21
1021 3334 1104 3396 ἀδελ·

91 3411 184 3478 φιδῆς
201 3408 275 3478 Pet]
295 3405 475 3491 ἀδελφιδοῦς
554 3412 588 3463 25
593 3405 774 3494 ἔμφρουρον
791 3413 916 3478 Lennep.
937 3413 973 3462 ad
990 3411 1103 3462 Phalar.
1164 3466 1169 3477 ⁸

90 3499 119 3546 p
139 3482 183 3540 29,
197 3477 226 3545 a]
246 3471 421 3546 ἒμφροόριον
507 3481 540 3530 27
563 3471 703 3546 κάγαθήν
721 3479 789 3532 Cob.
822 3479 827 3545 Ι
859 3477 1051 3547 τοτηνικαῆτα
1068 3478 1105 3542 V,

90 3546 252 3613 τηνικαῦτα
269 3563 287 3598 v
