2392 3960
470 178 602 230 οοενιο
620 180 657 230 11.
1026 178 1068 242 97

53 307 148 392 δούς,
177 311 280 395 μυρία
308 304 344 372 δέ
374 305 665 393 ἐπαγγελλόμενος,
693 303 780 375 οὗτοι
799 332 860 376 τον
887 311 1067 376 νεανίσκον
1085 327 1112 381 D

51 413 266 503 παρώξυνεν,
305 408 388 479 ὥστε
425 408 466 480 οὐ
502 411 665 502 πρότερον
701 412 973 500 βουλευσάμενον
1009 411 1069 482 τὸν

52 519 230 589 ἀπόπλουν
257 518 575 606 παρασκευάζεσθαι.
612 525 681 588 ἔστι
710 518 747 588 δὲ
775 516 887 588 αὐτῶν
913 518 954 589 τά
982 529 1069 589 θαυ-

54 614 164 715 μαστά
191 628 249 714 τῆς
277 626 443 705 συνέσεως
471 631 629 713 δείγματα
649 630 687 694 αἴ
710 653 745 695 τε
764 628 817 694 ἐπὶ
844 624 905 694 τὸν
923 625 1070 715 πόλεμον

25 732 278 823 εποιρακλῆσεις
296 732 351 800 καὶ
378 727 399 817 ῆ
427 738 610 820 τειχοποιία
628 735 690 801 τοῆ
718 734 898 821 Νέστορος,
925 739 1071 821 πρεσβυ-

54 837 150 908 τικὸν
169 846 246 907 λίαν
264 839 320 906 καὶ
339 835 484 925 ἀτολμον
502 839 673 927 ε’πινόημα.
703 836 831 907 οὔκουν
850 835 931 908 οὐδὲ
950 836 1071 926 όφελος

56 938 100 1034 ῆν
136 944 222 1015 πολὺ
254 959 324 1025 τοῖς
352 941 495 1032 Ἀχαιοῖς
526 947 587 1013 τοῦ
620 945 866 1033 μηχανήματος·
900 941 983 1013 ἀλλά
1014 940 1070 1032 ῆτ-

55 1056 162 1120 τῶντο
190 1054 258 1120 τῶν
281 1050 405 1140 Τρώων
432 1049 470 1118 τὸ
494 1066 601 1138 τεῖχος
628 1053 881 1138 ἐπιτελέσαντες,
909 1053 965 1121 καὶ
984 1051 1071 1138 μάλα
1091 1077 1126 1126 ιο

37 1158 200 1239 εἰκότως.
246 1157 318 1226 τότε
346 1157 407 1244 μὲν
435 1156 498 1247 γάρ
522 1154 618 1227 αὐτοὶ
644 1161 713 1227 τῶν
740 1160 828 1226 νεῶν
856 1156 962 1250 η’όοντο
990 1182 1071 1248 προ-

15 1293 42 1332 ιο
57 1268 245 1353 βεβλῆσθαι
272 1263 424 1353 καθάπερ
443 1269 549 1353 έρνμα
568 1277 739 1350 γενναῖον*
769 1265 838 1332 ἐπεὶ
858 1265 894 1333 δὲ
921 1262 1071 1353 ᾔσθοντο

55 1370 94 1439 τὸ
129 1374 226 1458 σφῶν
258 1377 477 1459 προκείμενον
513 1371 569 1438 καὶ
603 1364 936 1459 ἀποικοδομοόμενον
966 1386 1074 1459 τεῖχος

56 1478 174 1569 τάφρῳ
216 1484 339 1568 βαθείᾳ
380 1478 436 1546 καὶ
477 1477 661 1558 πασσάλοις
706 1474 794 1559 ὀξέσι
840 1478 1073 1566 διηλούμενον,

57 1583 338 1674 κατερρφθάμονν
365 1584 421 1653 καὶ
449 1578 589 1671 ὑφίεντο
609 1587 667 1672 τῆς
694 1581 795 1671 ἀλκῆς
817 1587 864 1675 τῷ
891 1591 1074 1673 τειχίσματι

58 1690 267 1771 πεποιθότες.
318 1687 389 1758 ἀλλ’
425 1685 467 1758 οὗ
500 1688 563 1779 γάρ
590 1700 630 1758 ἐί
657 1718 707 1771 τις
739 1693 878 1771 ἐκείνοις
909 1694 1072 1781 μέμφοιτο

18 1823 45 1863 15
59 1798 115 1865 καὶ
143 1796 347 1865 ἐπιδεικνύοι
376 1797 671 1885 διαμαρτάνοντας,
700 1787 798 1877 οὗτός
816 1799 885 1865 ἐστι
912 1799 1074 1884 βασιλέως

59 1901 236 1992 ἀξιόχρεως
264 1904 446 1990 ἐπαινέτης·
476 1900 565 1982 ὅστις
594 1903 630 1971 δὲ
651 1900 744 1990 οἶμαι
760 1906 828 1971 τῶν
847 1909 955 1992 ἔργων
973 1901 1073 1985 ἀξίως
1091 1921 1115 1975 Β

58 2017 242 2097 μνησθείη,
280 2006 321 2077 οὐ
353 2009 461 2098 μάτην
498 2005 579 2077 οὐδὲ
617 2005 810 2095 αὐτομάτως
847 2006 926 2077 οὐδέ
963 2007 1073 2102 ἀλόγφ

58 2119 150 2207 φορᾷ
187 2117 394 2204 γενομένων,
435 2116 759 2204 προβουλευθέντων
796 2114 833 2183 δέ
871 2112 982 2204 ὀρθῶς
1018 2117 1075 2184 καὶ

58 2224 314 2310 διοικηθέντων,
342 2213 442 2303 οὗτος
460 2218 652 2311 ἀρκούντως
679 2224 809 2289 ἐπαινεῖ
828 2219 891 2309 τῆν
913 2224 1076 2309 βασιλέως

20 2356 44 2397 νο
59 2327 244 2417 ἀγχίνοιαν,
280 2326 318 2396 τὸ
339 2328 376 2397 δὲ
396 2325 449 2415 ἐφ’
481 2328 601 2417 ἑκάστη
629 2328 764 2420 σννόδφ
792 2326 852 2408 τάς
870 2333 1076 2418 δημηγορίας

58 2437 205 2521 ἐκλέγειν
233 2434 319 2524 (τὰς)
348 2437 381 2515 ἐς
398 2432 439 2502 τά
458 2434 664 2523 στρατόπεδα
682 2435 738 2504 καὶ
766 2433 893 2522 δῆμους
920 2436 975 2503 καὶ
994 2441 1075 2521 βου-

58 2542 215 2630 λευτήρια
243 2539 458 2631 μακροτέρας,
475 2546 580 2610 δεῖται
607 2545 665 2630 τῆς
693 2543 896 2630 ξυγγραφῆς.
934 2539 1010 2623 ἑνὸς
1038 2540 1076 2610 δὲ

60 2658 140 2729 ἴσως
173 2647 349 2717 ἐπακούειν
382 2644 424 2717 οὐ
456 2647 610 2735 χαλεπόν.
655 2654 714 2716 καί
743 2675 799 2736 μοι
830 2648 932 2717 πάλιν
960 2648 1075 2736 ἐννοῆ-

60 2776 138 2823 σατε
170 2752 231 2823 τὸν
258 2755 426 2843 Λαέρτου,
460 2750 559 2823 ὁπότε
592 2749 809 2843 ὡρμημένους
838 2756 970 2823 ἐκπλεῖν
997 2751 1076 2834 τοὺς

22 2858 215 2949 οιἝλληνας
243 2862 349 2947 ἐπέχει
375 2864 433 2949 τῆς
453 2856 556 2950 ὁρμῆς
583 2861 640 2929 καὶ
667 2862 701 2941 ές
717 2859 779 2929 τὸν
805 2860 951 2948 πόλεμον
979 2867 1118 2948 μετα-(ί

58 2974 176 3055 τίθησι
207 2966 268 3055 τῆν
300 2974 511 3056 προθυμίαν,
544 2968 600 3035 καὶ
634 2968 724 3055 [τοῦ]
758 2968 921 3055 βασιλέως
951 2964 1011 3035 τὸν
1040 2970 1077 3036 ἐν

145 3155 161 3201 2
184 3143 219 3202 σά
224 3143 390 3229 πρότερον]
414 3151 510 3201 Malim
533 3145 672 3232 πρότερον
696 3142 730 3204 οὗ
758 3152 762 3216 Ι
794 3144 1076 3232 βουλευσάμενον-

57 3210 335 3298 παρασκευάζεσθαι
365 3217 405 3287 V]
423 3213 719 3302 βονλενσάμενος-
742 3213 1001 3300 παρασκευάζεται
1061 3223 1077 3271 3

59 3278 158 3338 αὐτῶν
175 3285 214 3354 Η]
235 3277 312 3354 αὐτῷ
382 3289 398 3338 6
416 3281 542 3366 ατολμον
559 3277 636 3366 V]''
616 3303 726 3339 ατοπον
739 3285 757 3374 Ι
783 3277 890 3340 οὔκουν
909 3284 948 3354 Η]
970 3276 1078 3339 οόκοῦν

60 3359 91 3405 11
117 3355 296 3406 Scribendum
321 3370 381 3406 esse
403 3360 469 3420 puto
488 3351 520 3406 τὸ
539 3370 620 3420 σφων
642 3355 832 3434 προκείμενον
848 3346 1078 3475 άπῳκοδομημέ-

58 3439 111 3474 νον
131 3422 221 3488 τείχει
242 3420 293 3501 κριλ
310 3418 410 3488 τάφρω
434 3421 544 3494 βαθείᾳ
563 3421 613 3473 κοιλ
635 3416 794 3504 πασσάλοις
812 3419 861 3488 de&
862 3438 890 3474 σι
909 3417 1080 3499 διειλημμέ-

58 3506 112 3541 νον
183 3493 214 3540 21
233 3484 285 3552 τάς
303 3491 366 3541 add
385 3474 452 3545 Rsk.
517 3474 580 3543 2¹4
568 3485 750 3558 ορμωμένοος
768 3492 798 3541 Μ
866 3493 899 3542 26
918 3487 969 3540 τοῦ
988 3504 1077 3554 aeque

59 3563 219 3624 suspectum
238 3564 280 3610 est
299 3575 332 3610 ευ
350 3560 416 3610 55ss

116 3651 222 3694 Iulianus
235 3654 254 3695 1.
706 3647 709 3653 '
850 3647 865 3696 ⁷
