2370 3908
127 175 189 241 146
427 177 571 230 mmm
593 175 842 229 ιΜΡιιαΑΤοιιιε

83 318 109 372 D
129 321 240 393 μεῖναι
278 305 453 394 ἐθελήσας,
496 303 572 386 ἐξὸν
612 306 679 374 έκεῑ
718 327 786 373 που
827 301 1045 391 παυσάμενον
1085 307 1142 392 της

126 412 254 499 πλάνης
281 413 338 480 καὶ
365 414 433 480 τῶν
461 411 635 480 κινδύνων
667 408 891 498 ἀπηλλάχθαι·
925 406 969 478 σύ
997 410 1035 479 δὲ
1061 406 1141 499 ἡμίν

126 521 179 587 ε’πλ
211 521 269 605 τῆς
302 524 409 598 οίκίας
441 524 545 604 ἔγνως
578 517 818 607 στρατεύεσθαι
850 517 906 585 καλ
938 513 1069 598 ἀθλους
1099 512 1140 604 δή

125 652 219 705 τινας
246 626 302 693 καὶ
336 622 526 713 ἀποδημίαν
560 626 675 713 ἑτάιαν
703 627 846 692 ἐκτελεῖν
874 620 949 692 ούτι
975 626 1035 711 τῆς
1061 623 1140 713 πρό-

126 742 221 818 σθεν,
251 729 295 812 τός
322 759 360 818 γε
383 730 421 800 τὸ
450 731 548 818 εἰκός,
577 728 793 820 ἀπονωτέραν
813 726 894 799 οὐδὲ
921 731 1140 819 κουφοτέραν.
1162 752 1174 793 ι

123 844 159 906 τί
184 845 226 926 δη
260 829 323 907 ούν
356 847 471 907 οίεσθε
502 836 585 927 πρὸς
612 841 718 906 ταῦτα
745 839 875 905 ἐκεῖνον
903 840 1009 905 εἰπεῖν
1038 842 1139 924 ἔχωνς

124 936 177 1032 ἀρ’
219 942 281 1032 ούχ
318 942 369 1013 ότι
405 948 445 1034 τῇ
482 943 662 1033 Πηνελόπη
704 958 857 1013 συνεῖναι
898 942 1026 1012 ἐθέλων
1063 941 1140 1024 τοὺς

125 1048 254 1133 ἀθλους
283 1048 367 1138 αύτῂ
395 1042 451 1119 καὶ
478 1049 537 1131 τὰς
570 1057 742 1138 στρατείας
769 1057 925 1140 χαρίεντα
954 1050 1139 1138 διηγήματα

124 1160 240 1246 φέρειν
268 1152 427 1244 ύπέλαβε;
454 1156 558 1225 ταῦτά
585 1184 636 1225 τοι
655 1159 709 1225 καλ
729 1155 791 1245 τὴν
818 1158 943 1245 μητέρα
960 1162 1139 1244 πεποίηκεν

73 1261 223 1355 114αύτῷ
256 1267 490 1352 παροινοῦσαν
518 1267 710 1352 μεμνῆσθαι
742 1263 892 1349 πάντων,
926 1253 974 1331 οἷν
1005 1290 1042 1331 τε
1074 1260 1139 1330 είδε
1150 1284 1170 1324 1⁰

123 1370 303 1457 θεαμάτων
330 1372 386 1438 καὶ
414 1361 462 1438 οἷν
488 1366 635 1457 ἤκουσεν
662 1367 893 1458 ἀκουσμάτων,

204 1499 261 1562 ἵνα
289 1496 345 1562 καὶ
373 1494 553 1582 μετόπισθε
579 1496 635 1583 τεῇ
664 1503 810 1583 εἴπῃσθα
833 1498 979 1581 γυναικί,

124 1624 238 1707 φησίν.
285 1614 302 1686 ό
333 1617 369 1686 δέ
398 1615 539 1698 οὐδενὸς
571 1618 827 1707 ἐπιλαθόμενος,
860 1615 972 1704 ἐπειδὴ
1005 1618 1137 1706 πρῶτον

124 1723 262 1812 ἀφίκετο
299 1727 354 1792 καλ
391 1727 459 1791 των
497 1730 677 1814 μειρακίων
713 1728 781 1793 τῶν
818 1725 871 1792 ἐπὶ
908 1721 949 1791 τδι
986 1729 1136 1811 βασίλεια

122 1831 344 1920 κωμαζόντων
377 1830 504 1920 ἐκράτει
536 1829 598 1912 ξὺν
631 1835 722 1920 δίκη,
754 1830 862 1900 πάντα
890 1827 1027 1919 ἀθρόως
1055 1827 1169 1919 αύτῇω

123 1944 285 2027 διηγεῖτο,
314 1935 377 2006 ὅσα
404 1965 439 2006 τε
467 1943 586 2026 ἔδρασε
614 1939 669 2006 καὶ
698 1935 762 2006 ὅσα
789 1934 925 2024 ἀνέτλη,
952 1936 1009 2005 καὶ
1038 1942 1071 2004 εί
1096 1935 1138 2024 δή

122 2073 154 2114 τι
187 2044 266 2114 ἀλλο
300 2041 364 2114 ὑπὸ
397 2047 466 2113 τῶν
498 2047 656 2133 χρησμόν
693 2040 959 2132 ἀναπειθόμενος
996 2044 1139 2113 ἐκτελεῖν

123 2158 297 2221 διενοεῖτο·
336 2149 526 2241 ἀπόρρητον
559 2149 595 2219 δὲ
629 2153 769 2219 ἐποιεῖτο
801 2147 885 2239 πρὸς
918 2147 1025 2238 αὐτὴν
1059 2146 1140 2220 οὐδὲ

80 2261 171 2343 Βὲν,
200 2256 270 2327 ἀλλ’
300 2255 398 2346 ἠξίου
417 2255 584 2327 κοινωνὸν
607 2264 785 2344 γίγνεσθαι
803 2258 871 2325 τῶν
898 2255 1140 2344 βουλευμάτων
1179 2254 1183 2297 ‘²

121 2367 177 2434 καὶ
206 2363 277 2452 ό,τι
309 2367 473 2454 πρακτέον
506 2373 556 2451 είη
586 2378 744 2433 συννοεῖν
776 2364 832 2432 καὶ
860 2364 1178 2452 σννεξευρίσκειν.εο

122 2464 187 2561 ἀρα
224 2474 323 2541 τοῦτο
361 2468 443 2559 ύμῖν
479 2472 537 2558 της
574 2469 771 2558 Πηνελόπης
813 2466 931 2556 ὀλίγον
972 2469 1142 2557 έγκοόμιον

123 2583 229 2664 δοκεῖ,
261 2574 282 2666 ἢ
311 2584 342 2645 εί
372 2578 415 2665 δή
442 2604 491 2658 τις
523 2574 607 2686 άλλη
634 2575 696 2664 τὴν
729 2579 857 2665 ἐκείνης
888 2573 1010 2665 ἀρετὴν
1037 2572 1141 2667 ὑπερ-

122 2685 310 2771 βαλλομένη
343 2712 466 2772 γαμετη
498 2710 533 2751 τε
566 2674 651 2752 ούσα
688 2685 850 2771 βασιλέως
886 2680 1049 2771 ἀνδρείου
1081 2686 1143 2753 καὶ

122 2790 358 2918 μεγαλοψύχου
394 2793 450 2859 καλ
483 2789 659 2879 σώφρονος
695 2790 867 2878 τοσαύτην
895 2786 1035 2859 εύνοιαν
1068 2792 1142 2860 ἐνε-

121 2904 261 2984 ποίησεν
289 2893 392 2985 αύτῆς
418 2924 464 2965 τω
492 2924 644 2985 γημαντι,
673 2897 948 2986 συγκερασαμένη
976 2922 1017 2985 τη
1045 2862 1183 2988 παρδιιό

80 3006 188 3071 Οτων
220 3002 354 3092 έρύτων
387 3005 606 3091 ἐπιπνεομένη
639 3010 734 3094 φιλίςι
765 3031 827 3091 την
860 3005 896 3071 έκ
926 3029 985 3090 της
1017 2999 1142 3095 ἀρετῆς
1181 3034 1183 3041 ·

120 3109 272 3198 καθάπερ
301 3113 406 3199 ῥεῦμα
433 3122 531 3179 θείου
550 3111 793 3199 ἐπιφερομένην
816 3124 888 3190 ταῖς
914 3105 1062 3194 ἀγαθαῖς
1079 3111 1141 3180 καλ
1181 3118 1183 3141 ⁵

205 3341 389 3416 1ἒθελήσας
407 3347 514 3418 VMfl.]
539 3344 609 3404 ἒθὲλ
610 3364 683 3418 ησας
768 3355 784 3403 3
807 3346 839 3403 ἐκ
861 3368 877 3402 τ
880 3349 913 3417 ἦς
936 3347 1048 3412 οἰκείας
1065 3354 1139 3405 Rsk.
1180 3344 1183 3389 ἶ

121 3421 152 3470 12
182 3418 283 3499 odyss.
307 3419 335 3481 λ,
358 3421 408 3469 223
496 3422 528 3469 14
554 3412 590 3471 τά
615 3419 749 3486 βασίλεια
771 3420 796 3470 V
847 3418 881 3499 τῇ
880 3370 1031 3504 ηβασιλίδι
1103 3424 1138 3473 19

119 3479 193 3537 ἀλλὰ
211 3488 236 3538 V
259 3484 272 3607 χ
294 3484 449 3552 γίγνεσθαι
467 3483 502 3566 V]
523 3486 679 3570 γίνεσθαι
728 3490 761 3540 22
785 3503 796 3538 ε
830 3480 881 3556 δὴ]
900 3483 959 3554 ηδη
981 3486 1137 3540 Horkelius

117 3556 194 3605 24et
206 3556 239 3606 25
273 3554 425 3622 νεποίησεν
444 3545 534 3622 αὐτῆς
552 3556 585 3620 V,
604 3548 695 3621 αύτης
713 3547 900 3622 ἐνεποίησεν
