<?xml version="1.0" encoding="UTF-8"?>
<!DOCTYPE html PUBLIC "-//W3C//DTD XHTML 1.0 Transitional//EN"
    "http://www.w3.org/TR/xhtml1/DTD/xhtml1-transitional.dtd">
<html xmlns="http://www.w3.org/1999/xhtml" xml:lang="en" lang="en">
 <head>
  <title>
</title>
<meta http-equiv="Content-Type" content="text/html;charset=utf-8" />
  <meta name='ocr-system' content='tesseract 3.04.00' />
  <meta name='ocr-capabilities' content='ocr_page ocr_carea ocr_par ocr_line ocrx_word'/>
</head>
<body>
  <div class='ocr_page' id='page_1' title='image "./iulianiimperato00juligoog_0351.png"; bbox 0 0 2392 3960; ppageno 0'>
   <div class='ocr_carea' id='block_1_1' title="bbox 307 171 1067 237">
    <p class='ocr_par' dir='ltr' id='par_1_1' title="bbox 307 171 1067 237">
     <span class='ocr_line' id='line_1_1' title="bbox 307 171 1067 237; baseline 0.017 -13"><span class='ocrx_word' id='word_1_1' title='bbox 307 172 487 226; x_wconf 74' lang='grc' dir='ltr'><em>εειενοιε</em></span> <span class='ocrx_word' id='word_1_2' title='bbox 505 173 553 223; x_wconf 74' lang='grc' dir='ltr'><em>ιο</em></span> <span class='ocrx_word' id='word_1_3' title='bbox 572 172 815 227; x_wconf 76' lang='grc' dir='ltr'><em>νωεωιενιοω.</em></span> <span class='ocrx_word' id='word_1_4' title='bbox 1003 171 1067 237; x_wconf 83' lang='grc'><em>339</em></span> 
     </span>
    </p>
   </div>
   <div class='ocr_carea' id='block_1_2' title="bbox 47 296 1155 1767">
    <p class='ocr_par' dir='ltr' id='par_1_2' title="bbox 47 296 1155 1767">
     <span class='ocr_line' id='line_1_2' title="bbox 51 296 1119 390; baseline 0 -20"><span class='ocrx_word' id='word_1_5' title='bbox 51 299 162 390; x_wconf 88' lang='grc' dir='ltr'><em>άκρως</em></span> <span class='ocrx_word' id='word_1_6' title='bbox 189 296 376 387; x_wconf 81' lang='grc' dir='ltr'><em>ὁμολογεῖν,</em></span> <span class='ocrx_word' id='word_1_7' title='bbox 404 303 538 389; x_wconf 74' lang='grc' dir='ltr'><em>πρῶτον</em></span> <span class='ocrx_word' id='word_1_8' title='bbox 556 298 617 388; x_wconf 62' lang='grc' dir='ltr'><em>μὲν</em></span> <span class='ocrx_word' id='word_1_9' title='bbox 637 296 688 368; x_wconf 82' lang='grc' dir='ltr'><em>ὅτι</em></span> <span class='ocrx_word' id='word_1_10' title='bbox 710 305 884 388; x_wconf 87' lang='grc' dir='ltr'><em>κρείττονα</em></span> <span class='ocrx_word' id='word_1_11' title='bbox 911 328 974 389; x_wconf 91' lang='grc' dir='ltr'><em>χρη</em></span> <span class='ocrx_word' id='word_1_12' title='bbox 993 302 1119 375; x_wconf 71' lang='grc' dir='ltr'><em>τῶνλσκ</em></span> 
     </span>
     <span class='ocr_line' id='line_1_3' title="bbox 51 403 1067 497; baseline 0.001 -22"><span class='ocrx_word' id='word_1_13' title='bbox 51 406 248 497; x_wconf 81' lang='grc' dir='ltr'><em>ἀρχομένων</em></span> <span class='ocrx_word' id='word_1_14' title='bbox 276 405 362 474; x_wconf 83' lang='grc' dir='ltr'><em>εἰναι</em></span> <span class='ocrx_word' id='word_1_15' title='bbox 380 404 440 474; x_wconf 89' lang='grc' dir='ltr'><em>τὸν</em></span> <span class='ocrx_word' id='word_1_16' title='bbox 459 403 613 495; x_wconf 86' lang='grc' dir='ltr'><em>ἀρχοντα,</em></span> <span class='ocrx_word' id='word_1_17' title='bbox 642 403 704 474; x_wconf 90' lang='grc' dir='ltr'><em>ούκ</em></span> <span class='ocrx_word' id='word_1_18' title='bbox 724 406 929 494; x_wconf 75' lang='grc' dir='ltr'><em>ἐπιτηδεύσει</em></span> <span class='ocrx_word' id='word_1_19' title='bbox 949 406 1067 496; x_wconf 88' lang='grc' dir='ltr'><em>μόνον,</em></span> 
     </span>
     <span class='ocr_line' id='line_1_4' title="bbox 52 509 1066 602; baseline -0.001 -20"><span class='ocrx_word' id='word_1_20' title='bbox 52 511 136 582; x_wconf 86' lang='grc' dir='ltr'><em>ἀλλά</em></span> <span class='ocrx_word' id='word_1_21' title='bbox 164 515 220 582; x_wconf 82' lang='grc' dir='ltr'><em>καὶ</em></span> <span class='ocrx_word' id='word_1_22' title='bbox 248 513 350 599; x_wconf 91' lang='grc' dir='ltr'><em>φύσει</em></span> <span class='ocrx_word' id='word_1_23' title='bbox 378 514 596 600; x_wconf 84' lang='grc' dir='ltr'><em>διαφέροντα·</em></span> <span class='ocrx_word' id='word_1_24' title='bbox 626 509 706 602; x_wconf 82' lang='grc' dir='ltr'><em>ὅπερ</em></span> <span class='ocrx_word' id='word_1_25' title='bbox 726 509 837 602; x_wconf 81' lang='grc' dir='ltr'><em>εὑρεῖν</em></span> <span class='ocrx_word' id='word_1_26' title='bbox 865 516 902 581; x_wconf 86' lang='grc' dir='ltr'><em>έν</em></span> <span class='ocrx_word' id='word_1_27' title='bbox 930 509 1066 601; x_wconf 76' lang='grc' dir='ltr'><em>ἀνθρύ-</em></span> 
     </span>
     <span class='ocr_line' id='line_1_5' title="bbox 49 615 1096 715; baseline -0.001 -27"><span class='ocrx_word' id='word_1_28' title='bbox 49 646 128 700; x_wconf 86' lang='grc' dir='ltr'><em>ποις</em></span> <span class='ocrx_word' id='word_1_29' title='bbox 156 616 199 688; x_wconf 86' lang='grc' dir='ltr'><em>ού</em></span> <span class='ocrx_word' id='word_1_30' title='bbox 230 618 367 708; x_wconf 77' lang='grc' dir='ltr'><em>ῥᾴδιον·</em></span> <span class='ocrx_word' id='word_1_31' title='bbox 401 620 455 686; x_wconf 82' lang='grc' dir='ltr'><em>καὶ</em></span> <span class='ocrx_word' id='word_1_32' title='bbox 487 624 602 706; x_wconf 86' lang='grc' dir='ltr'><em>τρίτον</em></span> <span class='ocrx_word' id='word_1_33' title='bbox 630 615 681 686; x_wconf 83' lang='grc' dir='ltr'><em>ὅτι</em></span> <span class='ocrx_word' id='word_1_34' title='bbox 709 618 799 707; x_wconf 89' lang='grc' dir='ltr'><em>πάση</em></span> <span class='ocrx_word' id='word_1_35' title='bbox 826 622 957 709; x_wconf 75' lang='grc' dir='ltr'><em>μηχανῇ</em></span> <span class='ocrx_word' id='word_1_36' title='bbox 984 617 1096 715; x_wconf 72' lang='grc' dir='ltr'><em>κατάι</em></span> 
     </span>
     <span class='ocr_line' id='line_1_6' title="bbox 50 721 1068 815; baseline 0 -22"><span class='ocrx_word' id='word_1_37' title='bbox 50 727 199 813; x_wconf 91' lang='grc' dir='ltr'><em>δύναμιν</em></span> <span class='ocrx_word' id='word_1_38' title='bbox 230 725 347 812; x_wconf 87' lang='grc' dir='ltr'><em>νόμοις</em></span> <span class='ocrx_word' id='word_1_39' title='bbox 378 726 578 814; x_wconf 76' lang='grc' dir='ltr'><em>προσεκτέον</em></span> <span class='ocrx_word' id='word_1_40' title='bbox 610 721 673 793; x_wconf 85' lang='grc' dir='ltr'><em>ούκ</em></span> <span class='ocrx_word' id='word_1_41' title='bbox 687 727 741 793; x_wconf 85' lang='grc' dir='ltr'><em>.έκ</em></span> <span class='ocrx_word' id='word_1_42' title='bbox 772 728 835 794; x_wconf 81' lang='grc' dir='ltr'><em>τοῦ</em></span> <span class='ocrx_word' id='word_1_43' title='bbox 867 729 1068 815; x_wconf 79' lang='grc' dir='ltr'><em>παραχρῆμα</em></span> 
     </span>
     <span class='ocr_line' id='line_1_7' title="bbox 49 827 1067 920; baseline -0.001 -19"><span class='ocrx_word' id='word_1_44' title='bbox 49 833 216 919; x_wconf 80' lang='grc' dir='ltr'><em>κειμένοις</em></span> <span class='ocrx_word' id='word_1_45' title='bbox 248 828 329 900; x_wconf 70' lang='grc' dir='ltr'><em>οὐδὲ</em></span> <span class='ocrx_word' id='word_1_46' title='bbox 361 827 406 912; x_wconf 77' lang='grc' dir='ltr'><em>ὡς</em></span> <span class='ocrx_word' id='word_1_47' title='bbox 437 837 523 900; x_wconf 81' lang='grc' dir='ltr'><em>ἔοικε</em></span> <span class='ocrx_word' id='word_1_48' title='bbox 554 833 620 899; x_wconf 83' lang='grc' dir='ltr'><em>νῦν</em></span> <span class='ocrx_word' id='word_1_49' title='bbox 656 840 805 900; x_wconf 75' lang='grc' dir='ltr'><em>τεθεῖσιν</em></span> <span class='ocrx_word' id='word_1_50' title='bbox 836 827 895 900; x_wconf 80' lang='grc' dir='ltr'><em>ὑπ’</em></span> <span class='ocrx_word' id='word_1_51' title='bbox 930 829 1067 920; x_wconf 74' lang='grc' dir='ltr'><em>ἀνδρῶν</em></span> 
     </span>
     <span class='ocr_line' id='line_1_8' title="bbox 50 934 1067 1025; baseline -0.001 -18"><span class='ocrx_word' id='word_1_52' title='bbox 50 936 94 1007; x_wconf 87' lang='grc' dir='ltr'><em>ού</em></span> <span class='ocrx_word' id='word_1_53' title='bbox 122 937 230 1025; x_wconf 81' lang='grc' dir='ltr'><em>πάντη</em></span> <span class='ocrx_word' id='word_1_54' title='bbox 254 936 337 1006; x_wconf 87' lang='grc' dir='ltr'><em>κατά</em></span> <span class='ocrx_word' id='word_1_55' title='bbox 364 941 450 1007; x_wconf 84' lang='grc' dir='ltr'><em>νοῦν</em></span> <span class='ocrx_word' id='word_1_56' title='bbox 469 936 691 1025; x_wconf 82' lang='grc' dir='ltr'><em>βεβιωκότων,</em></span> <span class='ocrx_word' id='word_1_57' title='bbox 720 934 790 1006; x_wconf 88' lang='grc' dir='ltr'><em>ἀλλ’</em></span> <span class='ocrx_word' id='word_1_58' title='bbox 822 934 912 1019; x_wconf 80' lang='grc' dir='ltr'><em>ὅστις</em></span> <span class='ocrx_word' id='word_1_59' title='bbox 939 940 1067 1025; x_wconf 88' lang='grc' dir='ltr'><em>μάλλον</em></span> 
     </span>
     <span class='ocr_line' id='line_1_9' title="bbox 49 1040 1068 1133; baseline 0.001 -22"><span class='ocrx_word' id='word_1_60' title='bbox 49 1043 112 1113; x_wconf 90' lang='grc' dir='ltr'><em>τὸν</em></span> <span class='ocrx_word' id='word_1_61' title='bbox 149 1047 235 1113; x_wconf 84' lang='grc' dir='ltr'><em>νοῦν</em></span> <span class='ocrx_word' id='word_1_62' title='bbox 272 1045 459 1133; x_wconf 77' lang='grc' dir='ltr'><em>καθαρθεὶς</em></span> <span class='ocrx_word' id='word_1_63' title='bbox 494 1045 550 1112; x_wconf 85' lang='grc' dir='ltr'><em>καὶ</em></span> <span class='ocrx_word' id='word_1_64' title='bbox 586 1041 648 1131; x_wconf 79' lang='grc' dir='ltr'><em>τὴν</em></span> <span class='ocrx_word' id='word_1_65' title='bbox 684 1040 798 1132; x_wconf 78' lang='grc' dir='ltr'><em>ψυχὴν</em></span> <span class='ocrx_word' id='word_1_66' title='bbox 839 1040 902 1113; x_wconf 91' lang='grc' dir='ltr'><em>ούκ</em></span> <span class='ocrx_word' id='word_1_67' title='bbox 938 1049 987 1124; x_wconf 89' lang='grc' dir='ltr'><em>εἰς</em></span> <span class='ocrx_word' id='word_1_68' title='bbox 1027 1042 1068 1112; x_wconf 84' lang='grc' dir='ltr'><em>τά</em></span> 
     </span>
     <span class='ocr_line' id='line_1_10' title="bbox 48 1146 1068 1240; baseline -0.001 -21"><span class='ocrx_word' id='word_1_69' title='bbox 48 1149 202 1239; x_wconf 83' lang='grc' dir='ltr'><em>παρόντα</em></span> <span class='ocrx_word' id='word_1_70' title='bbox 230 1146 371 1239; x_wconf 76' lang='grc' dir='ltr'><em>ἀφορῶν</em></span> <span class='ocrx_word' id='word_1_71' title='bbox 389 1148 575 1238; x_wconf 77' lang='grc' dir='ltr'><em>ἀδικήματα</em></span> <span class='ocrx_word' id='word_1_72' title='bbox 599 1147 679 1218; x_wconf 73' lang='grc' dir='ltr'><em>οὐδὲ</em></span> <span class='ocrx_word' id='word_1_73' title='bbox 698 1156 745 1231; x_wconf 87' lang='grc' dir='ltr'><em>εἰς</em></span> <span class='ocrx_word' id='word_1_74' title='bbox 767 1148 826 1231; x_wconf 88' lang='grc' dir='ltr'><em>τάς</em></span> <span class='ocrx_word' id='word_1_75' title='bbox 853 1149 1068 1240; x_wconf 76' lang='grc' dir='ltr'><em>παρεστώσας</em></span> 
     </span>
     <span class='ocr_line' id='line_1_11' title="bbox 49 1253 1104 1346; baseline 0.003 -21"><span class='ocrx_word' id='word_1_76' title='bbox 49 1257 155 1344; x_wconf 85' lang='grc' dir='ltr'><em>τύχας</em></span> <span class='ocrx_word' id='word_1_77' title='bbox 186 1263 300 1343; x_wconf 75' lang='grc' dir='ltr'><em>τίθησι</em></span> <span class='ocrx_word' id='word_1_78' title='bbox 332 1254 411 1337; x_wconf 79' lang='grc' dir='ltr'><em>τοὺς</em></span> <span class='ocrx_word' id='word_1_79' title='bbox 438 1257 578 1343; x_wconf 85' lang='grc' dir='ltr'><em>νόμους,</em></span> <span class='ocrx_word' id='word_1_80' title='bbox 597 1253 694 1324; x_wconf 75' lang='grc' dir='ltr'><em>’ἀλλά</em></span> <span class='ocrx_word' id='word_1_81' title='bbox 721 1255 784 1343; x_wconf 76' lang='grc' dir='ltr'><em>τὴν</em></span> <span class='ocrx_word' id='word_1_82' title='bbox 810 1260 869 1346; x_wconf 77' lang='grc' dir='ltr'><em>τῆς</em></span> <span class='ocrx_word' id='word_1_83' title='bbox 900 1263 1104 1338; x_wconf 87' lang='grc' dir='ltr'><em>πολιτείαςΒ</em></span> 
     </span>
     <span class='ocr_line' id='line_1_12' title="bbox 49 1359 1067 1452; baseline 0.001 -22"><span class='ocrx_word' id='word_1_84' title='bbox 49 1363 160 1449; x_wconf 92' lang='grc' dir='ltr'><em>φύσιν</em></span> <span class='ocrx_word' id='word_1_85' title='bbox 186 1359 392 1450; x_wconf 77' lang='grc' dir='ltr'><em>καταμαθάιν</em></span> <span class='ocrx_word' id='word_1_86' title='bbox 424 1364 480 1431; x_wconf 82' lang='grc' dir='ltr'><em>καλ</em></span> <span class='ocrx_word' id='word_1_87' title='bbox 507 1359 545 1430; x_wconf 90' lang='grc' dir='ltr'><em>τὸ</em></span> <span class='ocrx_word' id='word_1_88' title='bbox 579 1367 712 1432; x_wconf 90' lang='grc' dir='ltr'><em>δίκαιον</em></span> <span class='ocrx_word' id='word_1_89' title='bbox 740 1360 759 1431; x_wconf 82' lang='grc' dir='ltr'>ὅ</span> <span class='ocrx_word' id='word_1_90' title='bbox 792 1365 861 1431; x_wconf 88' lang='grc' dir='ltr'><em>έστι</em></span> <span class='ocrx_word' id='word_1_91' title='bbox 892 1365 932 1452; x_wconf 78' lang='grc' dir='ltr'><em>τῇ</em></span> <span class='ocrx_word' id='word_1_92' title='bbox 966 1363 1067 1451; x_wconf 90' lang='grc' dir='ltr'><em>φύσει</em></span> 
     </span>
     <span class='ocr_line' id='line_1_13' title="bbox 47 1466 1068 1558; baseline 0 -21"><span class='ocrx_word' id='word_1_93' title='bbox 47 1470 108 1537; x_wconf 84' lang='grc' dir='ltr'><em>καὶ</em></span> <span class='ocrx_word' id='word_1_94' title='bbox 144 1468 295 1537; x_wconf 88' lang='grc' dir='ltr'><em>ποταπύν</em></span> <span class='ocrx_word' id='word_1_95' title='bbox 336 1471 404 1538; x_wconf 84' lang='grc' dir='ltr'><em>ἐστι</em></span> <span class='ocrx_word' id='word_1_96' title='bbox 440 1466 606 1557; x_wconf 88' lang='grc' dir='ltr'><em>τάδίκημα</em></span> <span class='ocrx_word' id='word_1_97' title='bbox 641 1471 841 1558; x_wconf 72' lang='grc' dir='ltr'><em>τεθεαμένος</em></span> <span class='ocrx_word' id='word_1_98' title='bbox 877 1472 917 1558; x_wconf 73' lang='grc' dir='ltr'><em>τῇ</em></span> <span class='ocrx_word' id='word_1_99' title='bbox 955 1469 1068 1558; x_wconf 89' lang='grc' dir='ltr'><em>φύσει,</em></span> 
     </span>
     <span class='ocr_line' id='line_1_14' title="bbox 48 1570 1068 1664; baseline 0.004 -22"><span class='ocrx_word' id='word_1_100' title='bbox 48 1570 120 1643; x_wconf 79' lang='grc' dir='ltr'><em>εἷθ’</em></span> <span class='ocrx_word' id='word_1_101' title='bbox 151 1571 213 1642; x_wconf 85' lang='grc' dir='ltr'><em>ὅσα</em></span> <span class='ocrx_word' id='word_1_102' title='bbox 242 1573 390 1643; x_wconf 87' lang='grc' dir='ltr'><em>δυνατόν</em></span> <span class='ocrx_word' id='word_1_103' title='bbox 418 1577 508 1643; x_wconf 91' lang='grc' dir='ltr'><em>έστιν</em></span> <span class='ocrx_word' id='word_1_104' title='bbox 535 1576 666 1644; x_wconf 74' lang='grc' dir='ltr'><em>έκεσδεν</em></span> <span class='ocrx_word' id='word_1_105' title='bbox 694 1578 844 1645; x_wconf 79' lang='grc' dir='ltr'><em>ένταύδα</em></span> <span class='ocrx_word' id='word_1_106' title='bbox 872 1579 1068 1664; x_wconf 82' lang='grc' dir='ltr'><em>μεταφέρων</em></span> 
     </span>
     <span class='ocr_line' id='line_1_15' title="bbox 48 1679 1155 1767; baseline 0.004 -18"><span class='ocrx_word' id='word_1_107' title='bbox 48 1682 108 1749; x_wconf 84' lang='grc' dir='ltr'><em>καὶ</em></span> <span class='ocrx_word' id='word_1_108' title='bbox 140 1682 246 1760; x_wconf 79' lang='grc' dir='ltr'><em>τιθεὶς</em></span> <span class='ocrx_word' id='word_1_109' title='bbox 277 1680 403 1767; x_wconf 87' lang='grc' dir='ltr'><em>νόμους</em></span> <span class='ocrx_word' id='word_1_110' title='bbox 434 1695 504 1761; x_wconf 77' lang='grc' dir='ltr'><em>τοῖς</em></span> <span class='ocrx_word' id='word_1_111' title='bbox 535 1687 685 1762; x_wconf 82' lang='grc' dir='ltr'><em>πολίταις</em></span> <span class='ocrx_word' id='word_1_112' title='bbox 721 1682 871 1767; x_wconf 90' lang='grc' dir='ltr'><em>κοινούς,</em></span> <span class='ocrx_word' id='word_1_113' title='bbox 906 1679 984 1751; x_wconf 79' lang='grc' dir='ltr'><em>οὔτε</em></span> <span class='ocrx_word' id='word_1_114' title='bbox 1021 1687 1068 1763; x_wconf 87' lang='grc' dir='ltr'><em>εἰς</em></span> <span class='ocrx_word' id='word_1_115' title='bbox 1152 1748 1155 1753; x_wconf 93' lang='grc'>.</span> 
     </span>
    </p>
   </div>
   <div class='ocr_carea' id='block_1_3' title="bbox 50 1783 1068 1987">
    <p class='ocr_par' dir='ltr' id='par_1_3' title="bbox 50 1783 1068 1987">
     <span class='ocr_line' id='line_1_16' title="bbox 50 1783 1068 1875; baseline 0.004 -22"><span class='ocrx_word' id='word_1_116' title='bbox 50 1792 171 1873; x_wconf 79' lang='grc' dir='ltr'><em>φιλίαν</em></span> <span class='ocrx_word' id='word_1_117' title='bbox 208 1784 285 1854; x_wconf 78' lang='grc' dir='ltr'><em>οὔτε</em></span> <span class='ocrx_word' id='word_1_118' title='bbox 317 1792 366 1866; x_wconf 85' lang='grc' dir='ltr'><em>εἰς</em></span> <span class='ocrx_word' id='word_1_119' title='bbox 399 1793 525 1875; x_wconf 79' lang='grc' dir='ltr'><em>ἔχθραν</em></span> <span class='ocrx_word' id='word_1_120' title='bbox 557 1783 699 1874; x_wconf 75' lang='grc' dir='ltr'><em>ἀφορῶν</em></span> <span class='ocrx_word' id='word_1_121' title='bbox 736 1784 814 1855; x_wconf 84' lang='grc' dir='ltr'><em>ούτε</em></span> <span class='ocrx_word' id='word_1_122' title='bbox 850 1792 898 1867; x_wconf 87' lang='grc' dir='ltr'><em>εἰς</em></span> <span class='ocrx_word' id='word_1_123' title='bbox 935 1793 1068 1873; x_wconf 87' lang='grc' dir='ltr'><em>γείτονα</em></span> 
     </span>
     <span class='ocr_line' id='line_1_17' title="bbox 50 1890 1068 1987; baseline 0.005 -26"><span class='ocrx_word' id='word_1_124' title='bbox 50 1893 109 1961; x_wconf 82' lang='grc' dir='ltr'><em>καὶ</em></span> <span class='ocrx_word' id='word_1_125' title='bbox 138 1894 297 1979; x_wconf 80' lang='grc' dir='ltr'><em>ξυγγενῆ·</em></span> <span class='ocrx_word' id='word_1_126' title='bbox 326 1907 482 1981; x_wconf 75' lang='grc' dir='ltr'><em>κρεῖσσον</em></span> <span class='ocrx_word' id='word_1_127' title='bbox 501 1893 562 1987; x_wconf 85' lang='grc' dir='ltr'><em>δέ,</em></span> <span class='ocrx_word' id='word_1_128' title='bbox 577 1896 609 1960; x_wconf 92' lang='grc' dir='ltr'><em>εί</em></span> <span class='ocrx_word' id='word_1_129' title='bbox 634 1891 718 1980; x_wconf 72' lang='grc' dir='ltr'><em>μηδὲ</em></span> <span class='ocrx_word' id='word_1_130' title='bbox 737 1907 807 1974; x_wconf 78' lang='grc' dir='ltr'><em>τοῖς</em></span> <span class='ocrx_word' id='word_1_131' title='bbox 833 1890 915 1962; x_wconf 79' lang='grc' dir='ltr'><em>καθ’</em></span> <span class='ocrx_word' id='word_1_132' title='bbox 946 1892 1068 1966; x_wconf 81' lang='grc' dir='ltr'><em>ἑαυτὸν</em></span> 
     </span>
    </p>
   </div>
   <div class='ocr_carea' id='block_1_4' title="bbox 34 1993 1109 3155">
    <p class='ocr_par' dir='ltr' id='par_1_4' title="bbox 34 1993 1109 3041">
     <span class='ocr_line' id='line_1_18' title="bbox 50 1993 1103 2088; baseline 0.006 -22"><span class='ocrx_word' id='word_1_133' title='bbox 50 1997 258 2086; x_wconf 73' lang='grc' dir='ltr'><em>ἀνθρώποις,</em></span> <span class='ocrx_word' id='word_1_134' title='bbox 286 1994 369 2067; x_wconf 81' lang='grc' dir='ltr'><em>ἀλλά</em></span> <span class='ocrx_word' id='word_1_135' title='bbox 387 2013 457 2079; x_wconf 78' lang='grc' dir='ltr'><em>τοῖς</em></span> <span class='ocrx_word' id='word_1_136' title='bbox 475 1995 617 2086; x_wconf 82' lang='grc' dir='ltr'><em>ὕστερον</em></span> <span class='ocrx_word' id='word_1_137' title='bbox 643 1993 664 2084; x_wconf 75' lang='grc' dir='ltr'><em>ἢ</em></span> <span class='ocrx_word' id='word_1_138' title='bbox 693 1998 800 2079; x_wconf 73' lang='grc' dir='ltr'><em>ξένοις</em></span> <span class='ocrx_word' id='word_1_139' title='bbox 826 1999 958 2088; x_wconf 79' lang='grc' dir='ltr'><em>γράψας</em></span> <span class='ocrx_word' id='word_1_140' title='bbox 985 1997 1103 2072; x_wconf 73' lang='grc' dir='ltr'><em>ἀπο-(λ</em></span> 
     </span>
     <span class='ocr_line' id='line_1_19' title="bbox 49 2099 1068 2194; baseline 0.002 -21"><span class='ocrx_word' id='word_1_141' title='bbox 49 2106 174 2191; x_wconf 91' lang='grc' dir='ltr'><em>πέμποι</em></span> <span class='ocrx_word' id='word_1_142' title='bbox 207 2104 347 2192; x_wconf 81' lang='grc' dir='ltr'><em>νόμους,</em></span> <span class='ocrx_word' id='word_1_143' title='bbox 381 2110 466 2192; x_wconf 82' lang='grc' dir='ltr'><em>ἔχων</em></span> <span class='ocrx_word' id='word_1_144' title='bbox 499 2131 536 2190; x_wconf 91' lang='grc' dir='ltr'><em>γε</em></span> <span class='ocrx_word' id='word_1_145' title='bbox 569 2099 671 2172; x_wconf 71' lang='grc' dir='ltr'><em>ούδδν</em></span> <span class='ocrx_word' id='word_1_146' title='bbox 699 2099 781 2172; x_wconf 71' lang='grc' dir='ltr'><em>ούδδ</em></span> <span class='ocrx_word' id='word_1_147' title='bbox 813 2107 953 2188; x_wconf 78' lang='grc' dir='ltr'><em>ἐλπίζων</em></span> <span class='ocrx_word' id='word_1_148' title='bbox 984 2105 1068 2194; x_wconf 89' lang='grc' dir='ltr'><em>πρὸς</em></span> 
     </span>
     <span class='ocr_line' id='line_1_20' title="bbox 50 2208 1067 2299; baseline 0.004 -22"><span class='ocrx_word' id='word_1_149' title='bbox 50 2208 178 2289; x_wconf 83' lang='grc' dir='ltr'><em>αύτούς</em></span> <span class='ocrx_word' id='word_1_150' title='bbox 209 2211 295 2290; x_wconf 74' lang='grc' dir='ltr'><em>ἕξειν</em></span> <span class='ocrx_word' id='word_1_151' title='bbox 333 2208 503 2279; x_wconf 83' lang='grc' dir='ltr'><em>ἰδιωτικὸν</em></span> <span class='ocrx_word' id='word_1_152' title='bbox 540 2208 765 2299; x_wconf 79' lang='grc' dir='ltr'><em>συνάλλαγμα.</em></span> <span class='ocrx_word' id='word_1_153' title='bbox 811 2212 881 2279; x_wconf 82' lang='grc' dir='ltr'><em>ἐπεὶ</em></span> <span class='ocrx_word' id='word_1_154' title='bbox 913 2212 969 2280; x_wconf 84' lang='grc' dir='ltr'><em>καί</em></span> <span class='ocrx_word' id='word_1_155' title='bbox 1006 2210 1067 2282; x_wconf 89' lang='grc' dir='ltr'><em>τὸν</em></span> 
     </span>
     <span class='ocr_line' id='line_1_21' title="bbox 49 2312 1066 2406; baseline 0.004 -22"><span class='ocrx_word' id='word_1_156' title='bbox 49 2315 196 2384; x_wconf 90' lang='grc' dir='ltr'><em>Σόλωνα</em></span> <span class='ocrx_word' id='word_1_157' title='bbox 223 2312 283 2384; x_wconf 85' lang='grc' dir='ltr'><em>τὸν</em></span> <span class='ocrx_word' id='word_1_158' title='bbox 311 2315 421 2404; x_wconf 91' lang='grc' dir='ltr'><em>σοφὸν</em></span> <span class='ocrx_word' id='word_1_159' title='bbox 448 2312 561 2386; x_wconf 87' lang='grc' dir='ltr'><em>ἀκούω</em></span> <span class='ocrx_word' id='word_1_160' title='bbox 580 2313 661 2404; x_wconf 82' lang='grc' dir='ltr'><em>μετά</em></span> <span class='ocrx_word' id='word_1_161' title='bbox 688 2319 758 2385; x_wconf 75' lang='grc' dir='ltr'><em>τῶν</em></span> <span class='ocrx_word' id='word_1_162' title='bbox 780 2322 890 2404; x_wconf 91' lang='grc' dir='ltr'><em>φίλων</em></span> <span class='ocrx_word' id='word_1_163' title='bbox 917 2325 1066 2406; x_wconf 76' lang='grc' dir='ltr'><em>συμβου-</em></span> 
     </span>
     <span class='ocr_line' id='line_1_22' title="bbox 34 2417 1067 2513; baseline 0.003 -23"><span class='ocrx_word' id='word_1_164' title='bbox 34 2421 258 2509; x_wconf 86' lang='grc' dir='ltr'><em>’λενσάμενον</em></span> <span class='ocrx_word' id='word_1_165' title='bbox 285 2417 369 2512; x_wconf 71' lang='grc' dir='ltr'><em>ὑπὲρ</em></span> <span class='ocrx_word' id='word_1_166' title='bbox 387 2425 445 2510; x_wconf 75' lang='grc' dir='ltr'><em>τῆς</em></span> <span class='ocrx_word' id='word_1_167' title='bbox 462 2426 531 2490; x_wconf 76' lang='grc' dir='ltr'><em>τῶν</em></span> <span class='ocrx_word' id='word_1_168' title='bbox 558 2425 666 2512; x_wconf 76' lang='grc' dir='ltr'><em>χρεων</em></span> <span class='ocrx_word' id='word_1_169' title='bbox 689 2419 890 2512; x_wconf 75' lang='grc' dir='ltr'><em>ἀναιρέσεως</em></span> <span class='ocrx_word' id='word_1_170' title='bbox 916 2438 987 2504; x_wconf 81' lang='grc' dir='ltr'><em>τοῖς</em></span> <span class='ocrx_word' id='word_1_171' title='bbox 1005 2423 1067 2513; x_wconf 62' lang='grc' dir='ltr'><em>μὲν</em></span> 
     </span>
     <span class='ocr_line' id='line_1_23' title="bbox 48 2525 1066 2620; baseline 0.003 -23"><span class='ocrx_word' id='word_1_172' title='bbox 48 2525 211 2616; x_wconf 79' lang='grc' dir='ltr'><em>εὐπορίας</em></span> <span class='ocrx_word' id='word_1_173' title='bbox 239 2525 413 2617; x_wconf 81' lang='grc' dir='ltr'><em>ἀφορμήν,</em></span> <span class='ocrx_word' id='word_1_174' title='bbox 445 2525 536 2620; x_wconf 77' lang='grc' dir='ltr'><em>αύτῷ</em></span> <span class='ocrx_word' id='word_1_175' title='bbox 564 2527 602 2597; x_wconf 72' lang='grc' dir='ltr'><em>δὲ</em></span> <span class='ocrx_word' id='word_1_176' title='bbox 629 2528 793 2617; x_wconf 87' lang='grc' dir='ltr'><em>αἰσχύνης</em></span> <span class='ocrx_word' id='word_1_177' title='bbox 821 2534 932 2599; x_wconf 90' lang='grc' dir='ltr'><em>αἰτίαν</em></span> <span class='ocrx_word' id='word_1_178' title='bbox 959 2554 1066 2616; x_wconf 86' lang='grc' dir='ltr'><em>παρα-</em></span> 
     </span>
     <span class='ocr_line' id='line_1_24' title="bbox 49 2634 1065 2731; baseline 0.005 -29"><span class='ocrx_word' id='word_1_179' title='bbox 49 2649 160 2722; x_wconf 78' lang='grc' dir='ltr'><em>σχεῖν,</em></span> <span class='ocrx_word' id='word_1_180' title='bbox 192 2636 247 2702; x_wconf 82' lang='grc' dir='ltr'><em>καὶ</em></span> <span class='ocrx_word' id='word_1_181' title='bbox 280 2637 384 2723; x_wconf 79' lang='grc' dir='ltr'><em>ταῦτα</em></span> <span class='ocrx_word' id='word_1_182' title='bbox 417 2639 462 2726; x_wconf 75' lang='grc' dir='ltr'><em>τῷ</em></span> <span class='ocrx_word' id='word_1_183' title='bbox 495 2634 709 2722; x_wconf 88' lang='grc' dir='ltr'><em>πολιτεύματι</em></span> <span class='ocrx_word' id='word_1_184' title='bbox 740 2634 800 2705; x_wconf 84' lang='grc' dir='ltr'><em>τὸν</em></span> <span class='ocrx_word' id='word_1_185' title='bbox 833 2638 944 2731; x_wconf 27' lang='grc' dir='ltr'><em>δῆμον,</em></span> <span class='ocrx_word' id='word_1_186' title='bbox 975 2640 1065 2707; x_wconf 85' lang='grc' dir='ltr'><em>έλεν-</em></span> 
     </span>
     <span class='ocr_line' id='line_1_25' title="bbox 47 2738 1065 2832; baseline 0.004 -23"><span class='ocrx_word' id='word_1_187' title='bbox 47 2739 258 2828; x_wconf 83' lang='grc' dir='ltr'><em>θεράσαντα.</em></span> <span class='ocrx_word' id='word_1_188' title='bbox 301 2738 407 2822; x_wconf 75' lang='grc' dir='ltr'><em>οὕτως</em></span> <span class='ocrx_word' id='word_1_189' title='bbox 436 2738 478 2810; x_wconf 88' lang='grc' dir='ltr'><em>ού</em></span> <span class='ocrx_word' id='word_1_190' title='bbox 505 2740 625 2832; x_wconf 70' lang='grc' dir='ltr'><em>ῥᾴδιόν</em></span> <span class='ocrx_word' id='word_1_191' title='bbox 652 2743 721 2810; x_wconf 88' lang='grc' dir='ltr'><em>έστι</em></span> <span class='ocrx_word' id='word_1_192' title='bbox 744 2740 803 2824; x_wconf 86' lang='grc' dir='ltr'><em>τάς</em></span> <span class='ocrx_word' id='word_1_193' title='bbox 829 2744 987 2825; x_wconf 88' lang='grc' dir='ltr'><em>τοιαύτας</em></span> <span class='ocrx_word' id='word_1_194' title='bbox 1014 2746 1065 2813; x_wconf 89' lang='grc' dir='ltr'><em>έκ-</em></span> 
     </span>
     <span class='ocr_line' id='line_1_26' title="bbox 48 2843 1109 2940; baseline 0.001 -27"><span class='ocrx_word' id='word_1_195' title='bbox 48 2861 175 2934; x_wconf 81' lang='grc' dir='ltr'><em>φνγελν</em></span> <span class='ocrx_word' id='word_1_196' title='bbox 210 2849 328 2935; x_wconf 76' lang='grc' dir='ltr'><em>κῆρας,</em></span> <span class='ocrx_word' id='word_1_197' title='bbox 365 2843 430 2915; x_wconf 88' lang='grc' dir='ltr'><em>κάν</em></span> <span class='ocrx_word' id='word_1_198' title='bbox 465 2845 526 2915; x_wconf 84' lang='grc' dir='ltr'><em>τὸν</em></span> <span class='ocrx_word' id='word_1_199' title='bbox 563 2843 668 2916; x_wconf 81' lang='grc' dir='ltr'><em>αὑτοῦ</em></span> <span class='ocrx_word' id='word_1_200' title='bbox 704 2851 789 2917; x_wconf 82' lang='grc' dir='ltr'><em>νοῦν</em></span> <span class='ocrx_word' id='word_1_201' title='bbox 825 2850 980 2940; x_wconf 85' lang='grc' dir='ltr'><em>παράσχη</em></span> <span class='ocrx_word' id='word_1_202' title='bbox 1017 2859 1109 2932; x_wconf 84' lang='grc' dir='ltr'><em>τιςΙ)</em></span> 
     </span>
     <span class='ocr_line' id='line_1_27' title="bbox 49 2950 575 3041; baseline 0.002 -20"><span class='ocrx_word' id='word_1_203' title='bbox 49 2950 168 3039; x_wconf 78' lang='grc' dir='ltr'><em>ἀπαθῆ</em></span> <span class='ocrx_word' id='word_1_204' title='bbox 197 2950 281 3041; x_wconf 90' lang='grc' dir='ltr'><em>πρὸς</em></span> <span class='ocrx_word' id='word_1_205' title='bbox 307 2952 370 3040; x_wconf 79' lang='grc' dir='ltr'><em>τὴν</em></span> <span class='ocrx_word' id='word_1_206' title='bbox 397 2959 575 3022; x_wconf 87' lang='grc' dir='ltr'><em>πολιτείαν.</em></span> 
     </span>
    </p>

    <p class='ocr_par' dir='ltr' id='par_1_5' title="bbox 125 3055 1064 3155">
     <span class='ocr_line' id='line_1_28' title="bbox 125 3055 1064 3155; baseline 0.005 -29"><span class='ocrx_word' id='word_1_207' title='bbox 125 3055 163 3124; x_wconf 77' lang='lat' dir='ltr'><em>“A</em></span> <span class='ocrx_word' id='word_1_208' title='bbox 192 3056 311 3139; x_wconf 73' lang='grc' dir='ltr'><em>δεδιὼς</em></span> <span class='ocrx_word' id='word_1_209' title='bbox 333 3056 403 3155; x_wconf 21' lang='grc' dir='ltr'><em>,ἐγὼ</em></span> <span class='ocrx_word' id='word_1_210' title='bbox 431 3059 589 3140; x_wconf 85' lang='grc' dir='ltr'><em>πολλάκις</em></span> <span class='ocrx_word' id='word_1_211' title='bbox 606 3059 742 3142; x_wconf 84' lang='grc' dir='ltr'><em>εἰκότως</em></span> <span class='ocrx_word' id='word_1_212' title='bbox 769 3061 894 3129; x_wconf 80' lang='grc' dir='ltr'><em>ε’παινῶ</em></span> <span class='ocrx_word' id='word_1_213' title='bbox 922 3059 982 3130; x_wconf 90' lang='grc' dir='ltr'><em>τὸν</em></span> <span class='ocrx_word' id='word_1_214' title='bbox 1009 3067 1064 3151; x_wconf 82' lang='grc' dir='ltr'><em>ἰμ-</em></span> 
     </span>
    </p>
   </div>
   <div class='ocr_carea' id='block_1_5' title="bbox 45 3239 1065 3598">
    <p class='ocr_par' dir='ltr' id='par_1_6' title="bbox 45 3239 1065 3598">
     <span class='ocr_line' id='line_1_29' title="bbox 98 3239 1065 3346; baseline 0.006 -34"><span class='ocrx_word' id='word_1_215' title='bbox 98 3266 136 3342; x_wconf 61' lang='grc' dir='ltr'><em>ο4</em></span> <span class='ocrx_word' id='word_1_216' title='bbox 160 3261 210 3314; x_wconf 84' lang='grc' dir='ltr'><em>καί</em></span> <span class='ocrx_word' id='word_1_217' title='bbox 228 3261 336 3331; x_wconf 87' lang='grc' dir='ltr'><em>τρίτον]</em></span> <span class='ocrx_word' id='word_1_218' title='bbox 360 3239 431 3316; x_wconf 72' lang='lat' dir='ltr'>Ante</span> <span class='ocrx_word' id='word_1_219' title='bbox 449 3264 518 3315; x_wconf 76' lang='lat' dir='ltr'>haec</span> <span class='ocrx_word' id='word_1_220' title='bbox 538 3265 671 3317; x_wconf 74' lang='lat' dir='ltr'>excidisse</span> <span class='ocrx_word' id='word_1_221' title='bbox 692 3266 827 3318; x_wconf 71' lang='lat' dir='ltr'><strong>nonnulla</strong></span> <span class='ocrx_word' id='word_1_222' title='bbox 842 3268 982 3346; x_wconf 47' lang='lat' dir='ltr'>videntuffi</span> <span class='ocrx_word' id='word_1_223' title='bbox 1000 3283 1065 3318; x_wconf 80' lang='lat' dir='ltr'><em>nam</em></span> 
     </span>
     <span class='ocr_line' id='line_1_30' title="bbox 46 3326 1053 3469; baseline 0.002 -19"><span class='ocrx_word' id='word_1_224' title='bbox 46 3348 200 3450; x_wconf 60' lang='grc' dir='ltr'><em>””9’“ἀί</em></span> <span class='ocrx_word' id='word_1_225' title='bbox 202 3327 237 3449; x_wconf 58' lang='lat'><em>³1⁹1</em></span> <span class='ocrx_word' id='word_1_226' title='bbox 250 3332 507 3453; x_wconf 47' lang='lat' dir='ltr'><em>&#39;eqmsstssssssffffi</em></span> <span class='ocrx_word' id='word_1_227' title='bbox 524 3334 585 3452; x_wconf 65' lang='grc' dir='ltr'><em>εἰ,</em></span> <span class='ocrx_word' id='word_1_228' title='bbox 597 3327 838 3469; x_wconf 50' lang='grc' dir='ltr'><em>ιάἰῖἀίἰίἑω</em></span> <span class='ocrx_word' id='word_1_229' title='bbox 876 3326 1053 3453; x_wconf 60' lang='grc' dir='ltr'><em>ιίέλιίἰ</em></span> 
     </span>
     <span class='ocr_line' id='line_1_31' title="bbox 45 3396 1039 3548; baseline 0.001 -28"><span class='ocrx_word' id='word_1_230' title='bbox 45 3396 142 3548; x_wconf 60' lang='grc' dir='ltr'><em>έάἀί</em></span> <span class='ocrx_word' id='word_1_231' title='bbox 180 3469 212 3517; x_wconf 86' lang='grc'><em>18</em></span> <span class='ocrx_word' id='word_1_232' title='bbox 229 3466 271 3545; x_wconf 66' lang='grc' dir='ltr'><em>γε]</em></span> <span class='ocrx_word' id='word_1_233' title='bbox 290 3483 320 3519; x_wconf 85' lang='grc' dir='ltr'><em>τε</em></span> <span class='ocrx_word' id='word_1_234' title='bbox 340 3472 393 3534; x_wconf 82' lang='lat' dir='ltr'>pet.</span> <span class='ocrx_word' id='word_1_235' title='bbox 457 3470 490 3520; x_wconf 78' lang='lat'><em>22</em></span> <span class='ocrx_word' id='word_1_236' title='bbox 510 3462 544 3521; x_wconf 67' lang='grc' dir='ltr'><em>δὲ</em></span> <span class='ocrx_word' id='word_1_237' title='bbox 562 3465 614 3534; x_wconf 72' lang='grc' dir='ltr'><em>τῆς</em></span> <span class='ocrx_word' id='word_1_238' title='bbox 631 3464 705 3536; x_wconf 82' lang='grc' dir='ltr'><em>αἰσχ.</em></span> <span class='ocrx_word' id='word_1_239' title='bbox 725 3475 783 3535; x_wconf 75' lang='lat' dir='ltr'><em>pet.</em></span> <span class='ocrx_word' id='word_1_240' title='bbox 852 3472 886 3522; x_wconf 72' lang='grc' dir='ltr'><em>λδ</em></span> <span class='ocrx_word' id='word_1_241' title='bbox 905 3461 996 3535; x_wconf 80' lang='grc' dir='ltr'><em>κη’ρας</em></span> <span class='ocrx_word' id='word_1_242' title='bbox 1014 3471 1039 3521; x_wconf 88' lang='lat' dir='ltr'><strong>V</strong></span> 
     </span>
     <span class='ocr_line' id='line_1_32' title="bbox 47 3531 307 3598; baseline 0 -12"><span class='ocrx_word' id='word_1_243' title='bbox 47 3549 143 3586; x_wconf 87' lang='grc' dir='ltr'><em>αντον</em></span> <span class='ocrx_word' id='word_1_244' title='bbox 162 3531 197 3598; x_wconf 87' lang='grc' dir='ltr'><em>Η]</em></span> <span class='ocrx_word' id='word_1_245' title='bbox 217 3534 307 3586; x_wconf 81' lang='grc' dir='ltr'><em>αντοῦ</em></span> 
     </span>
    </p>
   </div>
   <div class='ocr_carea' id='block_1_6' title="bbox 794 3621 850 3674">
    <p class='ocr_par' dir='ltr' id='par_1_7' title="bbox 794 3621 850 3674">
     <span class='ocr_line' id='line_1_33' title="bbox 794 3621 850 3674; baseline 0 0"><span class='ocrx_word' id='word_1_246' title='bbox 794 3621 850 3674; x_wconf 79' lang='lat'><em>22*</em></span> 
     </span>
    </p>
   </div>
   <div class='ocr_carea' id='block_1_7' title="bbox 0 0 1200 3960">
    <p class='ocr_par' dir='ltr' id='par_1_8' title="bbox 0 0 1200 3960">
     <span class='ocr_line' id='line_1_34' title="bbox 0 0 1200 3960; baseline 0 0"><span class='ocrx_word' id='word_1_247' title='bbox 0 0 1200 3960; x_wconf 95' lang='lat' dir='ltr'><em> </em></span> 
     </span>
    </p>
   </div>
  </div>
 </body>
</html>
