2392 3960
105 156 168 222 378
406 158 549 210 mmm
570 157 819 209 IMPERATORIS

54 287 256 373 νοιδιοόκων,
280 283 362 354 ἀλλὰ
389 288 494 352 ταῦτα
521 287 692 374 παρορῶν·
721 280 801 353 ούδδ
824 284 900 374 γάρ,
927 289 961 353 εἰ
977 283 1121 374 μηδενὸς

107 390 125 463 ὃ
152 391 234 473 θεὸς
262 397 381 477 δεῖται,
413 388 470 459 διὰ
496 392 595 458 τοῦτο
629 388 732 460 οὐδὲν
764 387 855 482 αύτῷ
887 393 1120 479 προσοιστέον·

91 488 186 568 ὀὐδὲ
213 496 277 586 γὰρ
309 500 368 584 τῆς
394 494 451 565 διὰ
478 494 783 584 λόγωνέύφημίας
815 502 929 565 δεῖται.
974 504 1012 566 τί
1044 488 1120 581 ούνς

107 604 248 691 εὔλογον
286 600 391 672 αὐτὸν
422 600 646 691 ἀποστερῆσαι
682 604 738 672 καὶ
774 602 918 691 ταύτης;
956 600 1121 692 οὐδαμῶς.

31 744 35 751 ·
108 708 170 780 ούιι
198 708 263 799 ἀρα
290 707 371 779 ούδδ
398 712 456 797 τῆς
484 706 540 777 διὰ
567 711 635 777 τόν
662 715 771 798 έρνων
799 714 846 789 εἰς
873 705 980 778 αύτὸν
1006 737 1142 797 νιγνο--ι

107 819 209 905 μένης
244 818 354 904 τιμῆς,
391 807 431 903 ἧς
467 815 717 902 ἐνομοθέτησαν
754 812 816 884 ούιι
854 816 1004 885 ένιαντοί
1036 830 1122 907 τρεῖς

109 921 189 993 οὐδὲ
216 929 406 1011 τρισχίλιοι,
438 924 502 1001 πᾶς
535 919 572 989 δέ
604 916 621 988 ό
649 918 829 1011 προλαβῶν
857 918 944 990 αἰόν
976 924 1016 990 έν
1043 925 1123 992 πᾶσι

106 1044 177 1110 τοῖς
202 1032 260 1117 τῆς
288 1032 348 1116 γῆς
375 1034 522 1096 ἔθνεσιν.

67 1152 90 1204 Β
190 1132 287 1221 [Ἀλλ’
323 1130 385 1202 οὐκ
421 1135 540 1221 ἐχρῆν,
577 1124 604 1200 ἀ
635 1135 748 1202 πᾶσαν
780 1134 951 1221 δαιμόνων
986 1132 1123 1222 πληθύν

108 1239 345 1328 ἀναστηλώσας
376 1242 416 1328 τῇ
445 1259 493 1328 ση
519 1240 623 1327 ψυχῇ,
655 1238 735 1320 τούς
766 1237 849 1308 κατὰ
881 1239 918 1308 σὲ
951 1237 1154 1321 ἀνειδέονςιι

107 1348 162 1416 καὶ
196 1344 460 1434 ἀσχηματίστους
495 1354 857 1432 σωματοπλαστεῖσθαι.
907 1349 978 1426 πῶς
1010 1345 1051 1415 δέ
1083 1342 1123 1416 ού

108 1453 190 1534 ξύλα
231 1453 287 1520 καὶ
328 1458 448 1531 λίθους
487 1457 678 1539 νομίσωμεν
719 1450 741 1519 ἃ
781 1467 887 1541 χεῖρες
927 1449 1123 1540 ἀνθρώπων

108 1559 327 1648 ἐμόρφωσανς
361 1550 388 1625 ἀ
420 1558 476 1625 καὶ
502 1560 571 1626 τῶν
602 1564 711 1626 λίθων
744 1555 857 1626 αὐτῶν
888 1554 1123 1649 ἀφρονέστερε,

69 1661 216 1745 Οούτως
249 1674 311 1733 οἰει
343 1664 469 1744 πάντας
501 1666 537 1732 έκ
568 1666 636 1732 τῶν
668 1666 774 1752 ῥινῶν
807 1666 978 1750 ἕλκεσθαι,
1012 1662 1122 1754 ὥσπερ

109 1769 152 1839 σὺ
179 1768 269 1859 παρὰ
296 1774 364 1839 τῶν
392 1767 570 1857 ἀλιτηρίων
589 1769 771 1857 δαιμόνων,
799 1765 883 1838 ὥστε
901 1767 1006 1851 θεοὺς
1033 1767 1153 1859 ἡγεῖ-ιι

109 1888 191 1945 σθαι
218 1875 258 1945 τά
286 1872 399 1945 αύτῶν
422 1876 723 1964 τεχνονρνηματας]
750 1873 957 1971 Ἀφοριόντες
984 1867 1052 1946 οὖν
1078 1882 1124 1958 εἰς

107 1981 148 2052 τὰ
188 1986 256 2052 τῶν
296 1986 389 2052 θεῶν
430 1980 602 2069 ἀγάλματα
642 1982 685 2069 μή
726 2009 779 2050 τοι
814 1989 1001 2079 νομίζωμεν
1039 1980 1123 2053 αύτόι

108 2096 228 2170 λίθους
265 2088 351 2158 εἶναι
384 2088 467 2176 μηδὲ
500 2088 600 2174 ξύλα,
638 2087 721 2175 μηδὲ
753 2089 867 2177 μέντοι
901 2086 984 2169 τοὺς
1020 2088 1124 2170 θεοὺς

111 2192 234 2277 αύτούς
266 2194 353 2265 εἶναι
390 2198 503 2263 ταῦτα.
553 2195 609 2262 καὶ
640 2192 705 2282 μὰρ
739 2192 819 2263 ούδδ
853 2192 913 2274 τόις
948 2194 1124 2282 βασιλικὰς

83 2352 86 2358 -
110 2302 241 2382 εἰκόνας
269 2302 350 2382 ξύλα
368 2302 423 2371 καὶ
451 2307 552 2369 λίθον
570 2301 631 2369 καί
653 2298 778 2388 χαλκὸν
804 2301 955 2388 λέγομεν,
983 2296 1028 2370 ού
1057 2298 1156 2390 μὴν»

111 2405 192 2477 οὐδὲ
219 2405 343 2489 αύτούς
369 2406 450 2488 τοὺς
476 2409 645 2495 βασιλέας,
679 2404 761 2476 ἀλλὰ
789 2405 922 2487 εἰκόνας
948 2408 1124 2494 βασιλέων.

110 2512 200 2594 ὅστις
238 2506 301 2583 οὖν
339 2515 407 2582 ἐστι
443 2511 679 2601 φιλοβασιλεύς
715 2508 822 2600 ἡδέως
859 2507 922 2604 δρᾷ
956 2511 1023 2600 τὴν
1063 2516 1125 2583 τοῦ

66 2621 271 2707 Ββασιλέως
299 2620 423 2706 εἰκόνα,
451 2621 507 2689 καί
535 2616 627 2700 ὅστις
654 2620 723 2687 ἐστὶ
742 2617 900 2706 φιλόπαις
925 2613 1035 2706 ἡδέως
1062 2615 1125 2711 ὁρᾷ

108 2723 169 2813 τὴν
196 2728 258 2794 τού
285 2724 421 2812 παιδός,
454 2727 510 2795 καί
538 2722 629 2806 ὅστις
657 2725 852 2814 φιλοπάτωρ
879 2722 944 2812 τὴν
969 2728 1036 2794 τοῦ
1062 2752 1124 2797 πα-

107 2832 192 2920 τρός.
239 2829 367 2901 ούκούν
394 2833 450 2900 καί
478 2830 569 2912 ὅστις
596 2830 757 2919 φιλόθεος
783 2827 890 2919 ἡδέως
917 2836 964 2911 εἰς
990 2829 1033 2900 τά
1056 2834 1159 2903 τοῖαι

108 2941 200 3006 θεῶν
233 2935 402 3026 ἀράλματα
434 2939 490 3007 καὶ
517 2937 576 3018 τάς
602 2937 735 3018 εἰκόνας
763 2935 957 3024 ἀποβλέπει,
986 2938 1125 3027 σεβόμε-

193 3124 286 3172 9-16
311 3111 379 3173 Ἀλλ’
408 3117 460 3173 οὐκ
478 3150 510 3158 -
529 3115 778 3203 τεηνονρηήματα]
807 3122 868 3172 Ηοο
898 3136 960 3172 esse
987 3122 1126 3174 emblem

107 3189 199 3239 docuit
216 3189 366 3240 Horkelius
454 3192 485 3240 10
509 3206 584 3240 κατα
604 3184 634 3240 σὲ
652 3187 688 3254 V]
708 3183 785 3241 κατοὶ
801 3203 832 3241 σε
920 3191 951 3240 16
975 3180 1076 3242 αὑτῶν

107 3252 217 3309 έαντῶν
288 3260 319 3309 18
341 3252 415 3322 μηδὲ
434 3253 508 3320 ξύλα
526 3255 562 3323 Η]
586 3249 658 3323 μήτε
677 3256 700 3319 ξ.
771 3260 805 3308 20
830 3255 917 3308 λίθον
933 3253 985 3308 καὶ
1003 3250 1115 3323 χαλκόν

108 3327 133 3375 λι
141 3362 336 3376 ............
363 3326 388 3374 V
474 3327 506 3374 22
533 3313 611 3384 ὅστις
639 3310 691 3376 οὖν
719 3317 797 3391 ἐστι]
826 3361 901 3376 .....
923 3310 977 3376 ούν
1003 3360 1067 3378 ....
1091 3325 1126 3391 V,

107 3382 183 3452 ὅστις
211 3379 263 3444 οὖν
289 3399 345 3458 μοι.
377 3393 382 3458 Ι
415 3387 619 3471 φηλοβασιλεύς
641 3389 714 3458 Pom]
820 3385 955 3460 βασιλεύς
977 3391 1016 3457 V,
1045 3391 1127 3460 βασι·

350 3504 353 3509 .
433 3477 453 3512 α

108 3522 174 3588 λεύς
191 3545 209 3580 v
278 3530 311 3577 24
334 3522 397 3594 τὴν]
416 3523 471 3595 τήν
488 3527 514 3577 V
