2370 3908
121 111 181 175 128
423 111 567 169 IULIANI
585 111 834 162 IMPERATORIS

120 240 312 326 ἐπάγοιντο,
350 238 450 326 δῆλός
482 240 551 306 ἐστι
583 237 690 328 τούτῳ
729 236 847 320 διδοὺς
877 238 920 309 τά
950 238 1140 331 νικητήρια.

120 350 263 417 ἐννοεῖτε
290 346 365 434 γάρ,
394 340 438 426 ῶς
464 347 539 436 περὶ
567 342 628 413 τὸν
646 349 750 412 παῖδα
769 347 888 432 γε’γονε
914 349 976 415 τοῦ
1003 348 1140 435 φύσαν-

118 480 174 535 τος
206 450 353 540 ἀμείνων
385 452 440 520 καὶ
469 451 689 538 δικαιότερος,
721 453 797 540 περὶ
831 451 869 545 δέ
895 451 975 534 τοὺς
1002 456 1140 524 ἐκείνου

65 567 246 647 ιοοφίλους
272 558 463 647 πιστότερος
486 561 547 627 τοῦ
571 555 633 645 τήν
651 564 769 644 φιλίαν
798 553 1076 648 ὁμολογήσαντος.
1120 557 1139 630 δ

118 666 179 754 μὲν
207 663 271 754 γὰρ
299 662 447 746 ἅπαντας
478 679 627 752 προεῖτο,
660 659 678 732 δ
708 663 744 732 δὲ
772 661 944 734 ἀπέσωσεν
977 663 1165 750 ἅπανταςι

119 774 174 841 καὶ
203 778 234 841 εί
260 771 320 866 μὲν
353 774 479 852 ἐκεῖνος
510 773 614 839 ταῦτα
641 771 717 859 περὶ
749 773 811 839 τοῦ
843 774 1005 859 βασιλέως
1033 776 1139 861 ἐγνω-

118 879 198 966 κῶς,
232 875 287 946 ἀτε
321 881 357 947 ἐν
388 881 499 969 πολλῶ
532 877 642 968 χρόνῳ
670 875 731 946 τὸν
762 877 888 966 τρόπον
915 880 1139 968 κατανοήσας,

119 985 253 1074 σφόδρα
282 986 466 1070 ἐπίστευεν,
500 980 659 1070 ἀσφαλῶς
686 985 748 1071 μέν
780 988 816 1051 oc
840 981 881 1053 τὰ
907 988 970 1055 τοῦ
1002 987 1137 1074 παιδός,
1167 994 1171 999 ’

118 1098 262 1179 βεβαίως
290 1090 326 1157 δὲ
355 1085 471 1178 ὁρμεῖν
489 1087 529 1157 τά
547 1092 616 1157 τῶν
635 1095 755 1177 φίλων,
786 1097 894 1159 συνίει
921 1091 983 1179 μὲν
1010 1089 1136 1183 ὀρθῶς,

117 1197 273 1278 πολλάκις
302 1194 339 1264 δὲ
366 1187 409 1283 ἦν
436 1199 627 1284 πανοῦργος
653 1197 709 1264 καὶ
728 1195 900 1285 μοχθηρὸς
925 1200 982 1267 καὶ
1010 1204 1172 1270 δυστυ-ιι

118 1304 191 1392 χής,
232 1304 387 1390 πολέμιος
429 1304 556 1371 ἐθέλων
598 1300 685 1371 εἶναι
724 1306 770 1395 τῶ
811 1303 952 1396 τοιούτῳ
993 1306 1051 1374 καὶ
1094 1304 1136 1377 ὃν

77 1410 253 1498 Βσφόδρα
291 1405 425 1494 ἀγαθὸν
460 1410 516 1477 καὶ
554 1408 785 1497 διαφερόντως
824 1412 935 1501 πρᾷού
970 1408 1135 1499 ήπίστατο

118 1519 226 1604 μισῶν
253 1517 308 1583 καὶ
338 1514 565 1602 ἐπιβουλεύων
592 1517 648 1583 καὶ
676 1511 925 1611 ἀφαιρούμενος
953 1508 1002 1587 ῶν
1029 1516 1135 1588 οὐδα-

117 1625 187 1710 μῶς
224 1625 332 1709 ἐχρῆν.
378 1627 409 1689 εί
440 1623 492 1705 δέ,
529 1619 729 1690 ἀνελπίστου
762 1625 823 1710 μέν
856 1627 892 1691 οί
920 1627 982 1693 τοῦ
1013 1624 1135 1707 παιδὸς

117 1731 176 1815 τῆς
204 1734 367 1815 σωτηρίας
394 1727 637 1815 τυγχανούσης,
665 1731 807 1816 χαλεπῆς
827 1728 864 1796 δὲ
882 1730 938 1798 καὶ
958 1726 1133 1802 ἀδυνάτου
1147 1758 1169 1799 ιι

119 1833 204 1923 (τῆς)
232 1837 299 1902 τῶν
332 1840 443 1921 φίλων
474 1836 530 1903 καὶ
562 1837 630 1903 τῶν
658 1837 847 1921 συγγενῶν,
880 1832 943 1923 τήν
974 1834 1134 1908 ἀπιστίαν
1176 1878 1179 1893 ·

117 1937 206 2029 ὅμως
233 1947 418 2030 προείλετο,
452 1936 469 2008 ὁ
498 1940 559 2029 μὲν
586 1933 629 2028 ήν
657 1942 712 2009 καὶ
745 1938 801 2009 διά
828 1944 933 2010 ταῦτα
960 1943 1134 2036 μοχθηρὸς
1173 1998 1176 2005 .

116 2049 171 2116 καὶ
200 2044 342 2135 ἀνόητος
369 2047 424 2116 καὶ
452 2044 653 2137 ἀγριώτερος
681 2050 748 2116 τῶν
775 2054 919 2138 θηρίων,
948 2045 965 2118 ὁ
995 2050 1033 2119 δέ
1055 2048 1133 2140 ήμε-

116 2181 175 2244 ρος
211 2156 266 2222 καὶ
303 2157 408 2245 πρᾷος
445 2155 500 2223 καὶ
537 2154 773 2242 μεγαλόφρων,
810 2157 872 2222 τοῦ
908 2154 969 2243 μὲν
1006 2164 1132 2246 νηπίου
1176 2228 1179 2239 ,

77 2260 314 2347 Οκατελεήσας
341 2258 403 2347 τήν
430 2256 563 2348 ήλικίαν
590 2261 646 2328 καὶ
664 2258 724 2328 τὸν
751 2260 888 2349 τρόπον,
915 2277 985 2343 τοῖς
1009 2262 1047 2332 δὲ
1067 2261 1167 2334 ούκιι

115 2368 335 2454 ἐξελεγχθείσι
361 2365 476 2457 πρᾴως
503 2371 598 2453 ἔχων,
626 2370 687 2436 τοῦ
707 2367 743 2435 δὲ
762 2363 934 2455 ύπεριδῶν
956 2372 1012 2438 καὶ
1030 2397 1131 2439 κοιτα-

116 2474 288 2561 φρονήσας
321 2476 388 2541 τῶν
425 2473 696 2561 πονηρευμάτων.
747 2469 764 2542 ὁ
797 2471 861 2562 γάρ
894 2469 916 2542 ἀ
947 2475 1032 2564 μηδὲ
1063 2480 1132 2546 τῶν

115 2581 248 2667 ἐχθρῶν
279 2605 329 2659 τις
357 2576 413 2646 διὰ
444 2580 587 2665 μέγεθος
620 2571 668 2647 ῶν
701 2574 791 2671 αὑτῶ
824 2578 983 2650 σύνοιδεν
1015 2579 1131 2672 ἀδικη-

115 2685 228 2773 μάτων
255 2687 374 2766 ἐλπίζει
407 2687 588 2773 ξυγχωρῶν
620 2685 754 2766 είκότως
787 2683 904 2777 ἀρετῆς
936 2689 1004 2756 ἐστι
1036 2717 1131 2779 νικη·

116 2791 232 2880 φόρος,
259 2789 321 2879 τήν
349 2796 448 2878 δίκην
466 2791 527 2879 μὲν
555 2793 607 2860 ἐπὶ
625 2788 662 2860 τὸ
690 2806 841 2879 κρεῖττον
868 2794 925 2862 καὶ
941 2795 1179 2887 πρᾳότερονειῖ

115 3098 131 3130 n
172 3017 198 3131 ἀ
216 3012 625 3134 ⁹³⁹I·{1V÷⁷I⁰¹I²flf⁰f33³33
642 3010 695 3133 μῗί
713 3017 844 3137 ἐῖίψιῗᾶ
858 3033 912 3134 {¹⁰¹²
924 3034 1131 3138 p232⁸¹¹⁸7⁸⁹⁰=¹'

115 3098 233 3214 τῶάπόάῃ
237 3100 349 3215 οω.1ί,
373 3153 402 3200 in
421 3100 455 3201 Me
473 3099 632 3204 addejmfs:
651 3101 783 3216 aCImjegi'
795 3101 981 3219 ἰςάἀιιάιρπερλ
1004 3152 1057 3206 τοῦ
1076 3105 1130 3221 δῶν

116 3213 212 3289 σιλέως
230 3209 359 3283 ἐγνωκώς
377 3211 493 3283 τρόπον,
513 3209 564 3270 ἀτε
589 3211 619 3271 ἐν
637 3219 732 3288 πολλῷ
751 3213 841 3290 χρόνῳ
860 3219 1042 3288 κατανοήσας
1112 3227 1129 3275 9

115 3289 215 3350 ορμεῑν
232 3281 307 3351 Pet]
326 3278 398 3353 ὁρμή
426 3286 430 3351 Ι
457 3286 539 3352 ουνίη
560 3285 587 3336 V
656 3290 688 3337 14
711 3284 765 3352 μέν
788 3283 820 3340 ολ
840 3288 884 3339 hie
902 3290 935 3356 V,
960 3305 1044 3355 supra
1067 3306 1130 3341 cum

114 3354 230 3418 vulgata
259 3348 313 3419 μὲν
340 3349 370 3405 ολ
449 3358 480 3406 16
502 3354 554 3421 τῆς
576 3355 638 3408 εδδ.
662 3357 690 3406 Η
775 3359 807 3407 21
835 3349 1126 3426 ἐξελεγχθείσιἾΜ]
1178 3378 1179 3383 ’

114 3415 280 3488 ε’λεχχθεῖσι
348 3424 381 3472 22
399 3415 625 3489 πονηρευμάτων
642 3420 679 3489 V]
699 3419 938 3490 πονηρενσάντων
1009 3427 1043 3476 24
1061 3424 1130 3494 ξνγ·

115 3490 210 3555 χωρῶν
230 3486 298 3555 VM]
319 3489 470 3557 συγχωρῶν
495 3490 499 3556 Ι
529 3486 633 3557 ἀρετῆς
650 3484 821 3559 νικηφόρος]
841 3492 901 3543 vid.
921 3492 955 3542 ad
973 3492 1059 3544 ³⁵41&
