2370 3908
124 171 186 233 338
427 170 568 220 IULIANI
584 167 835 220 IMPERATORIS

88 298 294 385 Βοίόμενος,
331 301 550 385 προστίθησι·
588 295 698 384 ,Περὶ
736 294 774 364 δέ
804 298 864 383 της
899 292 1143 382 παμβασιλείας

124 405 346 491 καλουμένης,
384 399 467 488 αύτη
506 398 537 469 δ’
573 402 641 469 ἐστὶ
677 399 757 470 καθ’
792 398 836 489 ἣν
873 397 967 491 ἄρχει
1002 399 1143 469 πάντων

125 509 207 577 κατὰ
240 506 301 597 τὴν
334 503 440 575 αὑτοῦ
474 507 637 595 βούλησιν
671 504 688 575 ό
721 507 893 595 βασιλεύς,
926 511 1025 575 δοκεῖ
1055 528 1142 574 τισιν

127 613 206 684 οὐδὲ
235 613 313 703 [τὸ]
341 612 424 684 κατὰ
452 613 558 701 φύσιν
586 611 672 682 εἶναι
699 611 736 681 τὸ
769 613 889 704 κύριον
916 614 977 714 ἕνα
1004 612 1142 681 πάντων

127 721 212 790 εἶναι
239 725 307 790 τῶν
334 724 492 790 πολιτῶν·
520 734 589 800 τοίς
617 718 681 808 γὰρ
706 716 835 807 ὁμοίοις
862 718 965 808 φύσει
990 716 1031 788 τὸ
1062 715 1163 788 αύτδι

127 834 259 897 δίκαιον
292 826 477 913 ἀναγκαῖον
510 824 627 895 εἷναι.“
674 824 744 894 εἶτα
776 822 845 914 μετ’
877 822 995 912 &Itym
1023 831 1141 914 φησίν·

127 931 182 1021 ,Ὁ
207 935 269 1023 μὲν
298 926 439 1003 οὖντὸν
466 935 552 1001 νοῶν
569 931 717 1001 κελεύων
735 930 849 1021 ῶρχειν
868 902 1142 1023 (δοκεῖ’δωλεύειν

127 1039 255 1130 ῶρχειν)
284 1038 344 1109 τὸν
371 1038 456 1108 θεὸν
483 1040 539 1107 καὶ
566 1037 646 1119 τούς
673 1037 811 1128 νόμους·
845 1034 862 1107 ό
892 1037 929 1108 δὲ
958 1035 1141 1129 ἄνθρωπον

93 1146 274 1215 Οκελεύων
301 1152 504 1235 προστίθησι
536 1146 592 1213 καὶ
619 1152 742 1233 θηρία·
775 1142 797 1233 η’
823 1171 858 1213 τε
886 1141 950 1233 γὰρ
979 1144 1140 1233 ἐπιθυμία
1183 1157 1185 1170 “

127 1256 282 1322 τοιοῦτον
310 1253 367 1320 καὶ
396 1247 413 1319 ὁ
441 1248 552 1339 θυμὸς
580 1253 772 1341 διαστρέφει
790 1253 847 1320 καὶ
873 1248 953 1330 τούς
980 1247 1045 1339 ιἰρί
1086 1276 1169 1331 ονςιι

128 1357 270 1448 ἄνδρας·
304 1356 421 1446 διόπερ
449 1354 531 1426 ῶνευ
564 1354 702 1446 ὀρέξεως
729 1354 748 1426 ὁ
775 1360 858 1437 νοῦς
883 1355 989 1444 νόμος
1020 1359 1062 1426 ἐσ
1080 1356 1141 1439 r'oe‘f
1182 1431 1185 1450 .

128 1461 218 1555 ὁρᾷς,
247 1461 265 1532 ὁ
295 1463 482 1551 φιλόσοφος
505 1469 612 1532 έοικεν
631 1466 783 1533 ἐνταῦθα
801 1466 918 1551 σαφῶς
944 1446 1142 1532 ἄπιστοῦνῗι

127 1572 182 1639 καὶ
210 1568 431 1656 κατεγνωκότι
458 1571 516 1657 της
544 1567 761 1659 ἀνθρωπίνης
789 1570 931 1657 φύσεως.
973 1570 1062 1657 φησὶ
1079 1567 1138 1656 γὰρ

129 1674 216 1744 οὕτω
245 1676 365 1763 ῥήματι
392 1678 491 1744 τούτο
515 1678 634 1763 λέγων·
663 1674 826 1764 οὐδεμίαν
849 1672 1030 1763 ἀξιόχρεων
1058 1673 1138 1744 εἶναι

129 1783 235 1870 φύσιν
269 1778 491 1870 ἀνθρωπίνην
523 1781 606 1871 πρὸς
632 1782 801 1869 τοσαύτην
827 1780 929 1869 τύχης
960 1777 1173 1871 ύπεροχήνίι-

130 1886 205 1957 ούτε
233 1887 296 1975 γὰρ
329 1892 398 1956 τῶν
429 1893 560 1956 παίδων
587 1887 625 1956 τὸ
653 1891 750 1976 κοινῇ
781 1902 851 1968 τοῖς
882 1893 1035 1969 πολίταις
1062 1908 1138 1974 συμ

85 1997 237 2084 Βφέρον
264 1997 430 2083 προτιμᾶν
458 1993 643 2082 ῶνθρωπόν
670 2021 708 2080 γε
736 1992 817 2062 όντα
846 1994 967 2084 ῥηίδιον
994 1989 1138 2081 ύπολαμ

130 2102 240 2188 βαίνει,
268 2102 324 2169 καὶ
352 2103 485 2169 πολλῶν
519 2095 646 2188 ὁμοίων
674 2098 788 2188 ἄρχειν
816 2096 858 2168 ού
890 2105 1026 2168 δίκαιον
1058 2098 1142 2168 είναί

131 2228 229 2295 φησι,
257 2208 312 2275 καὶ
345 2207 437 2287 τέλος
470 2207 597 2286 ἐπιθεὶς
623 2203 684 2274 τὸν
717 2207 898 2292 κολοφῶνα
924 2219 997 2286 τοϊς
1024 2211 1140 2295 ἔμπρο·
1179 2258 1185 2308 1

132 2324 216 2382 σθεν
243 2314 355 2398 λόγοις
382 2312 488 2400 νόμον
520 2312 582 2400 μὲν
609 2311 701 2380 εἶναί
726 2331 810 2399 φησι
841 2309 902 2379 τὸν
929 2314 1016 2379 νοῶν
1043 2311 1169 2402 χωρὶςιι

131 2417 282 2509 ὀρέξεως,
316 2410 343 2508 ᾦ
373 2418 466 2508 μόνφ
498 2416 557 2499 τὰς
587 2423 754 2498 πολιτείας
790 2418 976 2505 ἐπιτρέπειν
1012 2420 1141 2507 χρῆναι,

132 2524 267 2614 ἀνδρῶν
295 2523 331 2592 δὲ
360 2520 484 2592 ούδενί.
521 2520 539 2592 ὁ
567 2524 631 2613 γὰρ
659 2526 696 2592 έν
714 2520 829 2604 αὐτοῖς
855 2526 949 2609 νοῦς,
976 2519 1042 2593 κᾶν
1060 2515 1142 2592 ῶσιν
1179 2546 1185 2576 ⁴

132 2629 272 2718 ἀγαθοί,
305 2630 547 2716 συμπέπλεκται
578 2633 678 2721 θυμῷ
710 2631 766 2697 καί
798 2630 977 2720 έπιθυμίηι,
1009 2634 1143 2719 θηρίοις

132 2736 379 2825 χαλεπωτάτοις.
424 2738 530 2803 ταῦτα
558 2737 630 2821 ἐμοὶ
658 2739 846 2816 δοκεῖτοῖς
872 2738 934 2804 τοῦ
961 2736 1143 2815 Πλάτωνος

133 2917 382 3052 ιοὲξιιιια
398 2915 549 3054 VIII
562 2915 978 3056 ιινιιιιιαιιιιιιαι
993 2913 1144 3056 μιν

134 3055 203 3111 2δέ
222 3052 280 3111 ἐστι
297 3059 322 3109 V
346 3059 351 3122 Ι
376 3057 436 3110 πᾶν
454 3058 479 3108 V
530 3051 654 3111 3αύτού
671 3057 710 3122 Η]
730 3051 821 3110 αὐτοῦ
839 3075 866 3121 v,
884 3027 991 3110 ἕῶοτοῦ
1008 3027 1142 3119 Αιίελοί.1

135 3128 220 3179 δοκεῖ
237 3121 271 3179 δέ
288 3141 364 3177 τισιν
383 3128 497 3181 Aristot.
577 3129 594 3176 4
614 3122 671 3195 [τό]
690 3143 741 3182 om.
759 3126 845 3176 Arist.
924 3127 939 3177 7
957 3122 1041 3191 νοῶν]
1058 3120 1145 3192 νόμον

133 3196 158 3243 V
178 3200 205 3246 et
223 3195 354 3245 librorum
372 3195 486 3244 Aristot.
504 3196 614 3260 partim.
695 3196 779 3246 Ietss
798 3191 884 3246 δοκεῖ
896 3187 1031 3245 κελεύειν
1048 3186 1144 3259 ἄρχειν

133 3280 184 3314 om.
203 3263 228 3313 V
313 3254 415 3320 8τούς
433 3254 552 3327 νόμους]
573 3256 624 3313 τόν
641 3260 713 3315 νοῶν
730 3255 836 3328 μόνους
853 3260 879 3310 V
963 3253 1142 3336 9θηρία7]

133 3330 239 3399 θηριόν
309 3332 341 3379 10
358 3326 502 3394 τοιοῦτον]
520 3325 625 3381 τοῦτον
642 3332 668 3382 V
699 3330 704 3394 Ι
738 3323 836 3394 θυμὸς
857 3321 999 3395 ἄρχοντας
1018 3328 1144 3393 διαστρε-

133 3415 184 3463 φει
202 3399 288 3453 Arist.
375 3399 403 3448 ll
429 3387 444 3445 ό
464 3395 532 3456 νοῦς
554 3388 652 3465 νόμος]
677 3396 747 3457 νοῦς
768 3392 784 3449 δ
807 3388 896 3465 νόμος
916 3396 1018 3459 Arist„
1040 3386 1057 3448 δ
1078 3390 1142 3451 ⁷⁰55

133 3461 220 3529 μόνος
237 3466 262 3516 V
335 3466 367 3515 14
389 3453 459 3516 ὅσον
478 3456 512 3515 ού
529 3463 568 3532 τῷ
587 3459 693 3531 ῥήματι
709 3465 777 3518 Rsk.
858 3468 891 3517 1⁶
912 3458 1058 3530 τοσαύτην
1074 3463 1142 3515 Πολ

134 3532 214 3601 eob.]
233 3526 373 3599 τοσαύτης
