2370 3908
335 222 517 274 εειεεοιε
534 222 584 272 AD
604 222 849 276 νειοιιιενιοκ,
1025 221 1094 285 331

81 371 137 418 σαι
162 348 235 439 χρη.
280 350 415 435 λέγουσι
433 349 496 437 γάρ
524 375 575 417 τοι
598 351 653 418 καὶ
680 346 741 417 τὸν
760 349 923 439 Σωκράτη
951 347 1096 431 πολλοὺς

79 455 143 544 μέν
180 452 222 524 ού
259 454 393 543 σφόδρα
435 461 571 542 έχοντας
611 452 799 541 ἀπαγαγεῖν
839 459 900 523 τού
938 456 1095 543 βήματος,

80 561 266 630 Γλαύκωνα
299 560 336 628 δὲ
364 563 493 630 ἐκεῖνον
501 614 510 647 ,
543 557 587 642 ὡς
619 564 782 649 Ξενοφῶν
813 562 916 648 λέγει,
948 563 1003 630 καὶ
1035 560 1096 630 τὸν

79 671 142 736 τοῦ
177 673 337 736 Κλεινίου
374 673 479 735 παῖδα
515 671 717 755 πειραθῆναι
755 667 816 755 μὲν
854 669 1015 755 ἐπισχεῖν,
1053 665 1140 736 ούΙ)

52 797 65 837 5
80 777 274 862 δυνηθῆναι
302 772 339 841 δὲ
357 776 592 862 περιγενέσθαι
619 776 680 842 τού
698 780 879 867 νεανίσκον
897 777 955 862 τῆς
983 770 1095 863 ὁρμῆς.

79 876 175 969 ἡμεῖς
202 878 239 947 δὲ
266 881 320 947 καὶ
349 876 493 960 ἀκοντας
510 882 566 948 καὶ
595 880 768 962 ξυνιέντας
786 876 899 948 αύτύν
926 901 1095 968 προσανα-

79 987 259 1073 γκάσομεν,
277 996 422 1074 θαρρεῖν
439 982 524 1075 ὑπὲρ
542 986 749 1074 τηλικούτων
768 977 875 1076 ἔργων
894 985 1097 1074 κελεύοντες,

80 1084 130 1161 ὧν
162 1089 225 1160 ούκ
258 1089 357 1180 ἀρετὴ
395 1091 502 1178 μόνον
538 1093 628 1161 ἐστὶν
662 1089 742 1161 οὐδὲ
782 1100 975 1181 προαίρεσις
1007 1089 1094 1181 ὀρθὴ

79 1203 195 1285 κυρία,
227 1195 314 1267 πολύ
346 1196 383 1266 δὲ
415 1200 517 1267 πλέον
548 1195 569 1287 ἡ
601 1198 684 1287 τύχη
717 1201 885 1285 κρατοῦσα
924 1202 1097 1286 πανταχού

39 1329 66 1368 ιο
80 1305 136 1374 καλ
163 1296 340 1392 βιαζομένη
374 1305 488 1391 ῥέπειν
519 1295 602 1394 ᾗπερ
630 1301 674 1373 ἀν
706 1306 805 1394 έθέλη
837 1303 877 1372 τά
905 1304 1095 1395 πράγματα;

80 1410 277 1500 Χρύσιππος
310 1410 348 1478 δὲ
376 1414 471 1479 δοκεῖ
499 1408 540 1478 τά
573 1411 635 1499 μὲν
667 1409 750 1495 ἀλλα
783 1410 890 1499 σοφὸς
922 1409 1009 1494 εἶναι
1041 1413 1097 1481 καὶ

79 1519 287 1606 νομισθῆναι
309 1522 466 1602 δικαίως,
495 1514 663 1606 ἀγνοήσας
691 1516 728 1586 δὲ
755 1515 818 1605 τὴν
844 1517 949 1606 τύχην
976 1518 1031 1586 καὶ
1057 1516 1095 1586 τὸ

80 1620 272 1712 αὐτόματον
303 1628 363 1691 καί
387 1648 481 1702 τινας
513 1619 614 1704 ἀλλας
647 1628 755 1704 αἰτίας
781 1623 937 1704 τοιαύτας
965 1626 1150 1704 ἒξωθεννεσ

78 1744 150 1810 τοῖς
177 1743 368 1818 πρακτικοῖς
385 1730 679 1818 παρεμπιπτούσας
698 1726 740 1798 ού
760 1730 894 1820 σφόδρα
914 1725 1096 1817 ὁμολογού-

35 1860 64 1901 15
79 1863 164 1924 μενα
191 1832 298 1922 λέγειν
327 1829 377 1915 οἷς
405 1829 422 1902 ὁ
452 1835 572 1924 χρόνος
598 1831 684 1923 ἡμᾶς
708 1834 764 1904 διά
790 1842 922 1924 μυρίων
949 1837 1098 1923 ἐναργῶς

79 1941 233 2011 διδάσκει
259 1940 545 2028 παραδειγμάτων.
582 1945 650 2009 πού
667 1940 732 2030 γὰρ
760 1937 882 2028 εὐτυχῆ
910 1943 965 2009 καὶ
993 1941 1096 2029 μακά-

79 2075 157 2136 ριον
184 2046 328 2114 Κάτωνα
356 2045 523 2132 φήσομεν;
552 2050 619 2114 ποῦ
647 2045 685 2115 δὲ
706 2053 823 2115 Δίωνα
849 2045 916 2114 τὸν
938 2046 1095 2115 Σικελιω-

77 2181 142 2241 την
170 2149 370 2240 εύδαίμονα;
404 2144 454 2232 οἷς
481 2154 543 2220 τού
570 2152 632 2238 μὲν
659 2149 847 2221 ἀποθανεῖν
875 2158 989 2240 ἔμελεν
1017 2161 1097 2233 ίσως

78 2256 199 2344 οὐδέν,
231 2261 291 2326 τού
320 2258 357 2326 δὲ
384 2254 428 2345 μὴ
461 2263 587 2328 λείπειν
619 2256 744 2340 ἀτελεῖς
770 2257 829 2339 τὰς
855 2258 1005 2345 πράξεις,
1039 2256 1093 2346 ἐφ’

32 2391 60 2431 ιο
79 2362 121 2446 ἀς
149 2366 182 2446 ἐξ
210 2361 313 2452 ἀρχῆς
341 2361 510 2452 ὥρμησαν,
528 2367 595 2434 καὶ
615 2366 748 2455 σφόδρα
772 2370 875 2454 ἔμελε,
903 2366 959 2433 καὶ
986 2365 1132 2433 πάνταΒ

76 2467 123 2540 ἀν
155 2475 285 2539 ε’ίλοντο
317 2481 442 2539 παθεῖν
474 2466 558 2558 ὑπὲρ
594 2472 725 2542 τούτου.
776 2472 957 2558 σφαλέντες
991 2469 1026 2538 δὲ
1060 2474 1097 2538 ἐν

76 2580 221 2658 ἐκείνοις
261 2581 292 2643 εί
331 2577 392 2664 μὲν
433 2575 649 2666 εὐσχημόνως
690 2585 832 2667 ἔφερον,
880 2575 991 2665 ὥσπερ
1033 2568 1097 2645 οὖν
1144 2660 1147 2667 ἱ

76 2682 224 2770 λέγεται,
255 2679 318 2770 τὴν
348 2682 454 2770 τύχην
489 2680 571 2770 [ούκ
603 2680 843 2770 ὄδυνιύμενοι],
876 2689 1097 2772 παραμυθίαν

79 2795 183 2877 ἔσχον
211 2792 247 2857 έκ
273 2790 332 2876 τῆς
359 2786 476 2877 ἀρετης
503 2787 546 2857 ού
572 2786 709 2880 μικράν,
742 2787 940 2877 εὐδαίμονες
968 2789 1006 2856 δὲ
1034 2786 1096 2858 ούκ

157 2980 181 3055 ,2
209 2973 334 3042 σφόδρα]
365 2970 479 3054 οφόδριχ
507 2963 541 3028 εύ
567 2956 636 3037 Pei„
664 2972 778 3060 σφόδρα
806 2971 921 3040 εύφνῶς
943 2976 1012 3029 Rsk.
1082 2981 1097 3026 3

79 3044 245 3096 Γλαύκωνα
263 3040 307 3112 δὲ]
327 3041 378 3095 καὶ
397 3045 556 3095 Γλαύκωνα
574 3047 666 3111 wytt.
698 3045 702 3111 Ι
737 3062 774 3104 ως
792 3044 907 3096 Reiskio
925 3044 1035 3094 videtur
1051 3043 1097 3093 de·

75 3111 190 3163 lendum
216 3112 222 3174 1
248 3109 401 3178 Ξενοφῶν]
421 3111 534 3163 Memor.
552 3114 604 3176 111,
623 3115 677 3176 6,1
706 3116 711 3175 1
737 3109 787 3164 καῖ
805 3105 869 3194 τὸν]
889 3105 939 3162 τὸν
958 3106 992 3162 δὲ
1010 3113 1096 3175 wytt.

75 3177 297 3246 4ιτειραθῇναι
315 3177 350 3246 V]
369 3179 569 3244 πειρασθῆναι
621 3174 751 3232 σαύτῶν
768 3181 805 3240 Η]
823 3178 922 3232 αοτάν
975 3174 1098 3245 ῖέργων

77 3246 146 3299 αδδ.
164 3246 191 3298 V
276 3236 351 3299 8οδν
367 3245 437 3313 Pet]
457 3241 494 3306 ὥς
513 3234 566 3298 ούν
651 3250 735 3299 sets)
754 3237 830 3312 ὀρθὴ
849 3245 936 3312 κνρία
954 3244 993 3312 Η]
1011 3246 1097 3310 κηρία

74 3311 133 3367 κδ
147 3307 229 3383 δρθη
314 3318 346 3364 11
365 3313 450 3366 δοκεῖ
465 3312 546 3378 Cob.]
567 3307 649 3366 ἔύκει
737 3318 767 3365 12
786 3313 907 3374 δικαίως
924 3316 951 3364 Η
970 3319 998 3363 et
1016 3311 1094 3379 Cob.]

265 3383 298 3434 18
315 3376 477 3448 ἱμελλενν
545 3372 696 3447 20’έμελλε
713 3383 738 3432 V
801 3385 833 3433 21
853 3381 968 3434 εἵλαντο
986 3380 1011 3428 V
1063 3383 1094 3430 21

294 3464 347 3496 *ιι
360 3447 399 3504 Β]
423 3439 468 3501 ἐπ’
488 3443 611 3510 ἐκείνοις
697 3453 729 3502 23
751 3443 804 3502 ούκ
822 3443 1001 3513 ύδννύμενοι
1020 3448 1097 3499 διελεῖ

32 3378 254 3642 Q
434 3517 458 3552 ἢ
483 3506 535 3569 ούκ
562 3508 750 3583 ὀδυρόμενοι,
770 3519 843 3583 quod
869 3517 937 3568 mihi
962 3531 1018 3565 non
1042 3515 1096 3566 dis·
