2392 3960
120 131 184 195 280
423 128 566 180 IULIANI
586 126 836 178 IMPERATORIS

121 262 246 349 μερῶν,
280 264 310 326 εί
341 256 384 344 μή
416 261 452 323 τί
481 282 520 343 με
552 255 684 341 λέληθε·
718 254 774 322 καὶ
807 249 910 322 οὐδὲν
936 253 1142 342 θαυμαστὸν

122 365 230 453 ἀνδρα
264 362 469 451 στρατιώτην
500 360 544 448 μὴ
572 366 649 428 λίαν
682 361 880 449 ἐξακριβοῦν
913 357 992 448 μηδ’
1023 363 1138 443 ἐξονυ-

122 479 222 559 χίζειν
255 469 295 538 τὰ
331 471 484 554 τοιαῦτα,
522 464 579 536 ἀτε
612 463 673 535 οῦκ
706 468 742 534 έκ
778 472 919 554 βιβλίων
956 463 1138 556 ἀσκήσεως,

122 576 186 646 ἀπὸ
221 577 258 645 δέ
290 579 348 662 τῆς
384 573 636 662 προστυχούσης
667 568 752 640 αύτδι
789 573 885 654 ἕξεως
921 569 1138 660 ἀποφθεγγό-

122 704 238 772 μενον·
268 689 386 751 ἔσεσθε
412 683 500 767 γοῦν
526 707 584 768 μοι
610 679 667 748 καὶ
694 674 789 767 ὑμεῖς
816 679 995 769 μάρτυρες,
1023 686 1055 748 εί
1080 680 1164 762 τδις5

23 795 24 799 ’
72 859 79 864 ,
123 787 246 878 ἡμέρας
273 795 459 874 λογίσεσθε,
487 787 589 855 πόσαι
619 786 703 872 [καὶ]
732 787 820 865 τινές
847 791 934 854 εἰσιν
953 790 991 854 αί
1015 786 1138 874 μεταξύ

82 914 105 966 Β
124 896 246 983 ταύτης
264 922 298 963 τε
317 896 373 963 καὶ
390 897 449 981 της
476 899 614 980 ἔναγχος
641 887 723 980 ἡμῖν
741 894 922 980 γενομένης
949 889 1141 980 ἀκροάσεως

123 1001 214 1071 ὅσων
245 1029 280 1070 τε
311 997 393 1089 ἡμῖν
425 997 592 1086 ἀσχολιῶν
623 998 771 1087 πλήρεις·
803 995 889 1084 ἀλλ’,
922 996 1002 1087 ὅπερ
1040 1006 1140 1088 ἔφην,

123 1114 154 1178 εί
185 1114 244 1176 καί
272 1135 304 1174 τι
335 1108 588 1196 παραλέλειπται
624 1101 703 1195 παρ’
739 1107 833 1192 ἐμοῦ·
870 1112 978 1174 καίτοι
1015 1113 1140 1195 νομίζω

124 1242 160 1300 γε
196 1212 302 1301 μηδὲν
339 1215 462 1280 ἐνδεῖν·
499 1210 586 1299 πλὴν
623 1206 640 1279 δ
678 1212 871 1300 προστιθεὶς
908 1209 970 1280 οὐκ
1007 1213 1140 1302 ἐχθρός,
1154 1231 1177 1270 ¹⁰

124 1318 207 1389 ἀλλὰ
240 1325 338 1406 φίλος
371 1325 470 1387 ἔσται.
516 1317 645 1387 τούτων
678 1315 720 1407 δὴ
748 1320 816 1386 τῶν
848 1321 960 1407 μερῶν
988 1315 1066 1388 οὔτε
1093 1323 1140 1412 τῷ

123 1429 246 1517 λογικῷ
278 1424 439 1515 προσήκει
469 1427 528 1511 τῆς
554 1431 794 1512 μυθογραφίας
826 1421 903 1492 οῦτε
931 1427 976 1517 τῷ
1004 1429 1141 1518 φυσικῷ

125 1531 202 1601 οῦτε
237 1534 284 1624 τῷ
320 1533 555 1622 μαθηματικῷ,
592 1530 699 1618 μόνον
737 1531 790 1616 δέ,
827 1540 918 1619 είπερ
960 1528 1040 1618 ἀρα,
1078 1535 1141 1602 τοῦ

125 1640 309 1728 πρακτικοῦ
336 1640 382 1728 τῷ
401 1634 485 1726 πρὸς
503 1639 563 1706 ένα
590 1640 755 1728 γινομένῳ
775 1638 830 1705 καὶ
848 1640 909 1705 τοῦ
936 1641 1142 1725 θεολογικοῦ

91 1748 171 1836 Οτῷ
199 1747 372 1834 τελεστικῷ
400 1745 455 1812 καὶ
483 1747 643 1834 μνστικῷ·
672 1751 765 1830 φιλεῖ
789 1740 853 1832 γὰρ
881 1738 901 1831 ἡ
931 1743 1032 1830 φύσις
1059 1745 1141 1836 κρύ-
1155 1761 1182 1804 1⁵1

124 1861 278 1935 πτεσθαι,
306 1851 361 1918 καὶ
389 1877 426 1918 το
456 1845 751 1939 ἀποκεκρυμμένον
777 1852 836 1938 τῆς
862 1851 932 1917 τῶν
958 1853 1053 1919 θεῶν
1082 1849 1141 1922 ου’-

125 1964 200 2038 σίας
237 1948 299 2025 ούκ
336 1953 486 2044 ἀνέχεται
522 1971 664 2044 γυμνοῖς
704 1962 752 2037 είς
788 1953 1001 2051 ἀκαθάρτους
1038 1954 1144 2041 ἀκοδις

125 2061 304 2149 ῥίπτεσθαι
332 2063 486 2150 ῥήμασιν.
533 2059 613 2151 ὅπερ
641 2063 679 2132 δὲ
707 2060 748 2150 δὴ
777 2065 846 2130 τῶν
873 2062 1093 2152 χαρακτήρων
1120 2061 1142 2154 ἡ

125 2167 313 2258 ἀπόρρητος
346 2168 448 2255 φύσις
486 2165 629 2255 ῶφελεῑν
661 2170 789 2256 πέφυκε
826 2171 882 2237 καὶ
915 2166 1142 2260 ἀγνοουμένη·

123 2275 304 2362 θεραπεύει
331 2278 418 2360 γοῦν
445 2271 487 2344 ού
515 2273 623 2362 ψυχὰς
649 2274 772 2363 μόνον,
800 2265 885 2345 ἀλλά
910 2278 966 2344 καὶ
994 2275 1144 2363 σῶματα,
1158 2299 1184 2340 ει

124 2384 179 2449 καὶ
198 2384 291 2450 θεῶν
309 2396 401 2450 ποιεῖ
416 2388 614 2471 παρουσίας·
633 2378 720 2450 τοῦτ’
743 2379 834 2469 οἶμαι
852 2382 1010 2463 πολλάκις
1028 2389 1143 2470 γίγνε-

68 2487 91 2498 ”
125 2499 208 2555 σθαι
235 2489 290 2554 καὶ
320 2486 376 2555 διὰ
412 2490 480 2556 τῶν
507 2487 644 2575 μύθων,
673 2485 755 2557 ὅταν
783 2493 830 2568 είς
866 2485 923 2570 τὰς
957 2491 1025 2557 τῶν
1060 2500 1145 2562 πολ-

80 2608 106 2662 Ι)
127 2596 196 2660 λῶν
225 2590 326 2673 ἀκοάς
354 2590 396 2661 ού
415 2596 606 2682 δυναμένας
633 2591 674 2662 τδι
696 2604 774 2662 θεία
802 2598 960 2684 καθαρῶς
979 2597 1146 2677 δέξασθαι

127 2696 172 2766 δι’
205 2698 411 2786 αίνιγμάτων
438 2696 553 2782 αύτοῖς
580 2698 661 2787 μετὰ
688 2703 747 2787 της
773 2701 896 2788 μύθων
924 2709 1147 2788 σκηνοποιίας

128 2807 286 2891 έγχέηται.
325 2809 476 2895 φανεροῦ
505 2805 542 2874 δέ
569 2804 634 2894 ἤδη
663 2809 847 2894 γενομένου
875 2814 942 2877 τίνι
969 2809 1026 2875 καὶ
1053 2816 1186 2902 ποίφεσ.

127 2918 330 2998 φιλοσοφίας
358 2917 439 2981 είδει
466 2914 520 2981 καὶ
549 2923 785 3002 μυθογραφεϊν
813 2910 888 2983 ἔσθ’
919 2910 973 2982 ὅτε
1002 2913 1145 3006 (προσή-

192 3161 396 3240 6λογίσαισθε
415 3162 482 3213 Cob.
498 3159 569 3229 Ικαλ
587 3163 702 3215 inclusit
720 3164 747 3214 H
807 3166 880 3214 12et
869 3167 924 3216 t13
943 3162 995 3214 τοῦ
1014 3165 1146 3230 φυσικοῦ

47 3237 49 3241 ’
123 3247 161 3297 τῳ
192 3228 393 3318 μαθηματικῷ
418 3232 445 3280 Η
533 3232 564 3282 15
582 3233 678 3317 φιλει
704 3226 904 3310 κρύπτεσθαι]
934 3230 975 3283 cf.
1003 3232 1144 3287 Themin

123 3315 149 3362 p.
176 3298 243 3348 69Β
297 3300 329 3349 18
357 3281 482 3382 ρήμασιν
510 3293 592 3362 V]‘
575 3292 683 3379 ρήμασι
735 3302 766 3350 21
796 3290 874 3351 τοῦτ’
905 3297 938 3365 V]
968 3295 1055 3352 τοῦτο
1108 3303 1144 3353 21

123 3364 277 3431 γίγνεσθαι
301 3363 339 3431 V]
365 3364 502 3445 γίνεσθαι
588 3370 620 3418 23
644 3359 679 3417 ού
702 3364 867 3447 δυναμένας
891 3367 958 3419 Rsk.
984 3373 1013 3418 et
1035 3365 1083 3443 H]
1107 3362 1144 3423 οῦ
1175 3388 1180 3396 ·

123 3432 379 3561 δένῶῦτοέςῶάῦτά
389 3450 465 3552 Βοῶτ.
476 3432 572 3551 δυνέθ
585 3427 1186 3568 sogeotsoxqozzvuffsssgkpgss1323&
