2370 3908
84 207 146 270 140
385 207 528 260 IULIANI
550 206 798 258 IIIPERATORIS

84 335 121 406 δὲ
160 337 192 416 ἐξ
231 334 378 416 ἐνδόξων
415 334 626 424 ἐνδοξότερος
668 334 862 423 γενόμενος,
904 337 936 416 ἐς
972 329 1099 402 τοῦτον

83 440 182 531 ἀρετή
214 444 273 529 τῆς
309 441 410 531 τύχης
446 442 627 530 πνεοῦσης,
665 433 764 523 οὗτος
801 437 917 511 ούδενλ
955 445 1100 510 δίδωσιν

84 545 233 637 ἀπορεῖν,
262 554 293 616 εί
318 552 376 636 της
405 546 574 636 εὐγενείας
602 547 737 630 εἰκότως
765 561 998 637 μεταποιεῖται.
1088 576 1090 580 ”

165 651 313 743 Εύσεβία
341 658 389 743 δέ,
416 658 492 746 περὶ
520 647 558 744 ής
587 651 604 724 ὁ
633 655 746 742 λόγος,
773 670 851 736 παῖς
878 654 940 744 μὲν
966 649 1102 725 ὑπάτου

84 764 211 848 γέγονε,
240 759 362 851 γαμετή
383 765 423 832 δέ
439 765 508 832 ἐστι
531 764 693 851 βασιλέως
712 759 881 853 ἀνδρείου,
909 759 1119 851 σοι’φρονος,ε

85 871 241 955 συνετοῦ,
275 874 425 956 δικαίου,
462 871 608 959 χρηστοῦ
640 869 695 939 καὶ
726 867 837 960 πρᾴου
870 870 925 937 καὶ
957 876 1102 956 μεγαλο-

84 976 211 1064 ψύχου,
245 972 283 1057 ὃς
315 974 428 1065 ἐπειδή
456 975 613 1068 πατρῴαν
642 966 751 1043 οὖσαν
782 972 873 1067 αύτῷ
900 972 963 1062 τήν
990 970 1103 1064 ἀρχήν

49 1079 301 1170 Βάνεκτήσατο,
327 1079 532 1170 ἀφελόμενος
559 1084 620 1150 τοῦ
647 1088 706 1173 βίη
733 1081 905 1169 λαβόντος,
932 1079 1046 1169 χάμον
1065 1109 1103 1151 τε

86 1191 190 1257 ἐδεῖτο
217 1185 302 1276 πρὸς
327 1193 460 1257 παίδων
488 1191 635 1275 γένεσιν,
664 1195 699 1257 οἳ
723 1187 1015 1278 κληρονομήσουσι
1042 1191 1103 1276 τής

85 1297 179 1382 τιμής
211 1295 266 1362 καὶ
299 1297 356 1382 τής
394 1296 562 1382 ἐξουσίας,
599 1293 724 1382 ταύτην
761 1291 858 1376 ἀξίαν
895 1299 1005 1384 ἔκρινε
1041 1298 1119 1382 τήςῑ

85 1407 265 1481 κοινωνίας
301 1399 447 1487 γεγονὼς
484 1399 547 1490 ήδη
586 1401 707 1489 σχεδόν
742 1428 773 1469 τι
805 1404 863 1490 της
901 1402 1103 1489 οἰκουμένης

86 1502 214 1594 ἀπάσης
246 1506 369 1596 κύριος.
416 1514 523 1577 καίτοι
554 1510 624 1588 πῶς
656 1505 700 1577 ἀν
726 1535 776 1589 τις
807 1514 940 1596 μείζονα
972 1535 1101 1597 μαρτυ-

86 1620 164 1702 ρίαν
192 1613 396 1701 ἐπιζητήσειε
419 1617 534 1702 τῆσδε;
563 1611 605 1683 ού
623 1614 731 1703 μόνον
757 1615 909 1704 περὶτῆς
931 1609 1103 1700 εὐγενείας

51 1717 199 1807 οαύτής,
227 1715 310 1809 ὑπὲρ
338 1719 375 1788 δέ
403 1717 560 1789 ἀπόντων
588 1716 708 1807 διπλοῦς,
737 1718 800 1790 ὅσα
818 1723 903 1810 χρήν
926 1717 1019 1807 οἶμαι
1037 1718 1102 1807 τήν

85 1833 217 1914 βασιλεῖ
242 1825 391 1917 τοσούτῳ
411 1829 608 1914 συνιοῦσαν,
636 1818 789 1917 καθάπερ
808 1823 938 1917 φερνήν
961 1835 1119 1897 οἴκοθεν]

86 1934 340 2021 ἐπιφερομένην,
368 1940 513 2022 κομίζειν
531 1929 660 2021 ἀγαθοί,
688 1938 844 2003 παιδείαν
863 1930 987 2023 ὀρθήν,
1017 1933 1099 2004 σύν-

85 2058 157 2107 εσιν
190 2041 326 2127 ἐμμελῆ,
359 2036 468 2128 ἀκμήν
500 2042 557 2109 καὶ
592 2038 685 2130 ἀίραν
717 2040 870 2129 σώματος
896 2041 952 2108 καὶ
979 2040 1101 2121 κάλλος

86 2148 260 2232 τοσοῦτον,
289 2142 373 2214 ὥστε
392 2144 666 2235 ἀποκρύπτεσθαι
692 2144 751 2228 τάς
769 2145 869 2228 ἀλλας
896 2148 1101 2236 παρθένους,

86 2251 237 2340 καθάπερ
275 2249 367 2340 οἶμαι
404 2255 479 2343 περὶ
514 2256 554 2342 τῇ
592 2253 712 2342 σελήνη
750 2251 927 2342 πληθούση
960 2257 997 2321 οί
1027 2258 1101 2322 δια·

87 2371 206 2444 φανείς
238 2354 372 2448 ἀστέρες
399 2360 680 2448 καταυχαζόμενοι
712 2360 899 2450 κρύπτουσι
929 2356 992 2447 τὴν
1019 2380 1119 2450 μορ-ί

87 2463 165 2551 φήν.
211 2468 249 2532 ἓν
280 2464 341 2552 μὲν
373 2464 437 2556 μὰρ
473 2465 603 2535 τούτων
640 2463 721 2536 οῦδὲ
753 2471 790 2535 ἓν
822 2468 971 2556 ἐξαρκεῖν
1008 2471 1104 2536 δοκεῖ

86 2567 170 2658 πρὸς
193 2577 377 2640 κοινωνίαν
396 2574 568 2660 βασιλέως,
595 2571 705 2642 πάντα
723 2571 760 2641 δὲ
779 2570 857 2662 ἅμα,
885 2569 995 2663 ὥσπερ
1013 2575 1101 2642 θεοῦ

51 2695 177 2757 Βτινος
204 2672 323 2768 ἀγαθῷ
350 2684 483 2764 βασιλεῖ
506 2677 613 2768 καλήν
635 2681 691 2749 καὶ
710 2679 871 2771 σώφρονα
897 2679 1102 2760 πλάττοντος

86 2778 148 2869 τήν
176 2781 325 2870 νύμφην,
354 2789 400 2865 είς
427 2778 529 2854 ταύτό
565 2785 818 2873 συνεληλυθότα
840 2785 1019 2877 πόρρωθεν
1044 2787 1101 2857 καλ

87 2884 150 2956 οὐκ
182 2885 247 2957 ἀπὸ
280 2893 348 2958 τῦν
385 2887 542 2980 ὀμμάτων
580 2893 830 2982 ἐφελκυσάμενα
861 2891 949 2981 μύλα
982 2889 1119 2980 όλβιον1

86 2984 145 3081 ήγε
173 2992 233 3063 τὸν
265 3004 424 3084 νυμφίον.
470 2997 589 3079 κάλλος
620 2998 682 3086 μὲν
708 2997 773 3089 γὰρ
804 3001 862 3087 τῆς
889 3001 925 3067 ἐκ
957 3001 1020 3069 τοῦ
1048 3000 1101 3086 μέ-

86 3127 168 3180 νους
196 3108 358 3189 βοηθείας
380 3105 435 3172 καὶ
462 3107 531 3173 τῶν
558 3101 669 3173 ἀλλων
696 3102 839 3193 ἀγαθῶν
866 3103 959 3194 οἶμαι
987 3105 1104 3196 στερό-

155 3309 306 3378 3είκότως
324 3321 427 3375 add.v
496 3317 704 3386 9χέννεσιν7
757 3324 789 3374 10
806 3320 901 3389 τιμῆς]
919 3319 972 3389 γῆς
990 3321 1016 3373 V
1070 3326 1103 3374 12

88 3391 116 3436 et
135 3388 167 3436 13
193 3386 353 3453 μαρτυρίαν
381 3382 558 3506 ἐπιξητήσειε
576 3387 610 3456 V]
638 3381 709 3452 ἐπιζ.
728 3407 810 3457 μαρτ.
897 3393 929 3441 13
956 3387 1045 3455 τῆσδε
1062 3387 1103 3459 V]

87 3451 138 3517 τῆς
156 3447 189 3505 δὲ
243 3457 274 3506 19
288 3457 362 3507 et20
379 3471 431 3515 περ
463 3457 499 3522 τῇ
517 3450 622 3524 σελήνη
639 3483 673 3492 -
690 3451 816 3524 μορφήν]
836 3455 953 3523 Spectat
971 3458 1029 3523 Sap
1049 3457 1105 3511 hus

87 3522 184 3600 fragnJ.
210 3525 225 3572 3
249 3524 365 3590 Bergk,;
387 3523 444 3574 vid.
467 3525 578 3588 Heyler.
601 3523 637 3574 κδ
655 3525 724 3590 Epp.
747 3542 773 3591 p.
792 3528 841 3575 242
926 3527 959 3574 21
979 3474 1051 3578 013ch
1068 3520 1104 3578 ’ἐν

86 3585 121 3654 V]
140 3583 229 3640 ουδδν
248 3588 253 3655 Ι
272 3582 404 3658 ἐξαρκεῖν
423 3589 515 3660 δοκεῖ]
534 3585 651 3659 ἐξαρκεῖ
665 3593 693 3642 Μ
