2392 3960
476 161 613 213 οελυιο
632 162 668 211 11.
796 184 800 191 «
1016 161 1075 225 121

60 287 154 382 αὑτῷ
168 289 335 381 πρότερον
349 289 529 380 προσήκειν
540 295 628 376 ἔχειν
639 283 814 377 ὑπέλαβεν,
826 287 889 359 εἶδ’
901 286 952 359 ὅτι
966 301 1075 362 τελευ-

60 401 131 467 τῶν
144 395 205 467 τὸν
220 403 308 485 βίον,
322 393 383 466 τὸν
397 394 628 486 πρεσβύτατον
650 397 705 463 καί
720 394 780 465 τὸν
798 396 965 466 νεώτατον
980 395 1077 486 άφελς

60 499 187 593 σχολήν
215 500 369 590 άγοντας,
397 505 519 571 τοῦτον
548 500 589 589 δή
619 500 765 589 άσχολον
784 502 892 573 ἐκάλει
919 506 975 573 καὶ
1003 498 1074 574 ἐπέ-

59 637 159 701 τρεπε
190 608 232 678 τά
264 611 339 699 περὶ
370 608 433 696 τήν
465 606 572 698 ἀρχὴν
606 609 787 696 ξύμπαντα.
834 610 1012 698 γενόμενος
1041 612 1078 680 δὲ

32 714 224 809 εέγκρατής
251 712 409 785 ἁπάντων
441 712 530 784 οὑτω
558 729 629 796 τοῖς
660 712 818 802 ἀδελφοῖς
846 722 982 799 δικαίως
1010 715 1078 806 ἅμα

59 826 118 894 καλ
148 822 334 914 σωφρόνως
361 824 592 912 προσηνέχθη,
626 819 709 890 ὥστε
738 826 774 890 οί
802 822 864 909 μέν
896 820 973 892 οὔτε
1000 833 1077 913 κλη-

60 933 180 1011 θέντες
217 927 294 999 οότε
330 925 528 1017 ἀφικόμενοι
564 926 647 1018 πρὸς
683 925 845 1017 ἀλλήλους
887 931 1078 1013 ἐστασίαζον

61 1038 119 1106 καὶ
153 1036 364 1124 διεμάχοντο,
397 1034 505 1127 τούτῳ
539 1035 576 1104 δέ
608 1032 826 1122 ἐχαλέπαινον
862 1033 964 1104 οὑδέυ
997 1033 1117 1106 οόδέὒ

63 1145 261 1232 ἐμέμφοντο.
308 1143 376 1211 έπελ
404 1141 442 1210 δέ
469 1138 581 1210 αὐτῶν
608 1137 763 1230 ήστάσις
790 1143 882 1224 τέλος
910 1139 997 1231 εἶχεν
1016 1140 1079 1213 οὐκ

23 1274 49 1315 1⁰
62 1247 214 1338 εὐτυχές,
247 1247 323 1330 ἐξὸν
355 1259 606 1337 μεταποιεῖσθαι
633 1248 812 1335 πλειόνων,
846 1246 931 1317 ἑκὼν
959 1246 1078 1337 άφήκε,

61 1359 121 1444 τῆς
150 1352 252 1444 αότής
285 1352 403 1445 άρετής
435 1350 683 1442 ὑπολαμβάνων
715 1355 820 1424 πολλά
847 1382 881 1423 τε
909 1361 994 1444 ἐδυη
1023 1358 1078 1425 καὶ

63 1460 161 1548 ὀλίγα
190 1468 339 1548 δεῖσθαι,
371 1471 580 1551 περικεῖσθαι
608 1462 646 1531 δὲ
678 1460 770 1549 οἶμαι
798 1467 982 1550 φροντίδας
1009 1470 1078 1550 μεί-

46 1576 163 1666 Ιζονας
195 1566 261 1660 ὅτῳ
294 1568 460 1637 πλειόνων
493 1565 621 1656 άνάγκη
657 1569 840 1655 [ἐπιμελελυ
872 1570 947 1655 κοιλ]
981 1569 1078 1657 κήδε-

64 1686 157 1744 σθαι.
202 1672 244 1744 οὐ
271 1673 335 1763 γάρ
356 1671 399 1762 δή
426 1676 556 1763 τρυφῆς
575 1669 803 1762 ὑπολαμβάνει
826 1672 888 1763 τήν
907 1680 1079 1761 βασιλείαν

26 1804 50 1846 ιε
64 1780 152 1851 εἶναι
185 1779 400 1869 παρασκευήν
437 1777 532 1867 οόδέ,
571 1778 680 1870 ὥσπερ
713 1782 765 1850 ἐπὶ
802 1785 869 1849 τῶν
901 1782 1080 1871 χρημάτων

64 1893 112 1969 είς
147 1888 271 1969 πότους
306 1888 362 1956 καὶ
398 1882 523 1975 ήδονδις
561 1892 596 1956 ολ
630 1887 876 1977 καταχρώμενοι
917 1888 1077 1975 μειζόνων
1096 1903 1123 1956 D

64 1992 228 2084 εὐπορίαν
265 1993 445 2084 προσόδων
484 1996 693 2079 ἐπινοοῦσιν,
735 1991 823 2062 οὕτω
865 1997 985 2082 χρῆναι
1021 1993 1081 2063 τὸν

64 2103 203 2190 βασιλέα
230 2100 549 2190 παρασκευάζεσθαι,
578 2097 659 2170 οὑδέ
682 2096 897 2188 ἀναιρεῖσθαι
925 2100 1080 2187 πόλεμον,

65 2205 132 2295 ό,τι
164 2205 208 2295 μή
241 2210 309 2275 τῶν
341 2203 535 2295 άρχομένων
567 2209 626 2294 της
658 2203 818 2294 ὠφελείας
850 2207 956 2275 ἕνεκα.
1002 2204 1080 2275 οὐκ·

10 2317 130 2409 ,νοοῦν
159 2317 274 2405 ἐκείνῳ
303 2313 365 2401 μὲν
393 2319 480 2400 ἐχειν
507 2312 543 2382 τὸ
573 2316 675 2383 πλέον
703 2314 895 2401 ξυγχωρῶυ,
924 2309 1025 2394 αὐτὸς
1045 2312 1081 2382 δέ

10 2416 13 2513 ή
65 2421 147 2509 μετὰ
176 2417 293 2510 άρετης
325 2426 462 2489 ἔλαττον
495 2425 580 2508 ἔχων
607 2423 652 2512 τῷ
680 2425 843 2512 κρατίστω
871 2428 1080 2488 πλεονεκτεῖν

10 2520 13 2565 ²
65 2523 220 2615 ὑπέλαβε.
265 2528 321 2595 καλ
350 2523 400 2595 ότι
428 2523 472 2614 μή
502 2527 568 2594 δέει
587 2530 714 2614 μᾶλλον
741 2530 799 2614 τῆς
827 2528 957 2595 ἐκείνου
976 2551 1081 2615 παρα-

66 2636 189 2720 σκευῆς
215 2631 278 2720 τήν
304 2628 448 2721 ἡσυχίαν
474 2628 597 2722 ήγάπα,
624 2633 802 2723 τεκμήριον
828 2629 910 2721 ὑμῖν
937 2633 1083 2721 ἐμφανὲς
1101 2653 1138 2703 95

10 2748 13 2797 ἱ
67 2745 151 2809 ἔστω
190 2735 207 2808 δ
245 2738 326 2827 μετὰ
363 2742 467 2807 ταῦτα
504 2737 679 2827 ξυμπεσών
715 2733 883 2827 πόλεμος(
922 2741 1081 2828 ἐχρήσατο

10 2849 153 2933 ἰιγοὺν
185 2844 270 2935 πρὸς
305 2844 364 2926 τάς
396 2848 526 2914 ἐκείνου
564 2845 723 2934 δυνάμεις
759 2841 843 2936 ὑπὲρ
861 2842 980 2915 ἀὐτοῦ
1012 2860 1083 2927 τοῖς

136 3139 149 3186 l
170 3128 247 3214 ηάτῶ
265 3131 301 3202 V]
321 3128 398 3202 αὐτῷ
420 3135 424 3200 Ι
453 3127 609 3202 προσήκειν
627 3134 661 3201 V]
681 3134 827 3214 προσήκρν
894 3129 1083 3219 4ξόμπαντα

66 3199 143 3271 VM]
167 3219 285 3254 απαντα
346 3205 448 3255 βοελ
472 3194 590 3254 οότε-
608 3195 676 3255 οὔτε
699 3200 742 3270 Η]
767 3199 839 3255 ουδὲ
858 3231 890 3240 -
909 3200 980 3256 ουδὲ
1052 3208 1082 3255 13

68 3263 229 3336 ἐπιμελεῑν]
253 3264 404 3336 ἐπιμένειν
420 3271 463 3333 Μ,
486 3264 680 3338 ἐπισννέχειν,
704 3280 736 3322 ut
753 3271 877 3333 videtur,
900 3273 937 3336 V,
955 3274 984 3322 in
1004 3270 1082 3334 eujus

67 3341 196 3406 margine
226 3339 329 3405 legitur
356 3332 510 3403 ἐπιμέλεια.
544 3339 650 3391 Ιοολοεί
679 3332 826 3403 ἐπιμελεῖν
853 3336 916 3399 καλ,
945 3340 991 3391 sed
1018 3341 1082 3389 fort.

69 3407 247 3458 scribendum
275 3400 430 3472 masuam-
451 3403 501 3458 καλ
531 3399 689 3471 ἐπαμύνειν
719 3407 770 3471 (cf.
795 3406 894 3471 2930)
965 3408 997 3457 15
1027 3405 1083 3456 τῶν

10 3437 15 3549 ή
68 3473 137 3542 VM]
156 3472 208 3526 τὸν
277 3477 311 3526 20
328 3467 441 3544 ἐκείνῳ]
461 3466 561 3526 ἐκεῖνα
578 3475 612 3538 V,
626 3468 719 3526 ἐκεῖνο
737 3470 786 3540 ΜΙ
806 3473 950 3542 ξυγχωρεῖ
963 3476 996 3536 V,
1017 3471 1082 3539 ξυγ-

10 3558 14 3589 .·
70 3545 173 3608 χωρεῖν
192 3543 221 3592 Μ
289 3547 322 3594 23
341 3535 469 3608 ἐμφανὲς
488 3541 550 3592 add.
569 3544 604 3593 V.
634 3544 672 3594 cf.
691 3543 756 3593 973
776 3544 862 3593 1011)
