2370 3908
119 155 183 220 214
424 158 568 210 lutum
590 157 833 209 ιιιειιεινοιιιε

120 285 261 375 ουργόν,
294 282 331 365 ὃς
359 280 440 372 ἡμῖν
472 282 513 353 ού
540 284 671 353 τούτων
698 284 805 373 μόνον
832 287 938 371 ἐστίν,
966 281 1050 354 ἀλλὰ
1079 286 1137 354 καὶ

119 396 180 462 τού
216 394 425 479 φαινομένου
463 393 518 459 καὶ
559 394 707 479 πέμπτου
745 391 897 479 σώματος
932 389 1040 481 πατὴρ
1079 393 1137 461 καὶ

77 499 293 585 Βὸεσπότης·
322 495 554 578 ἀποὸιελόντες
582 501 712 566 ἐκείνου
740 495 800 566 τὸν
818 495 940 584 Ἄττιν,
967 496 1030 586 τὴν
1058 496 1137 588 άχρι

119 609 176 693 της
208 602 290 692 ύλης
321 611 592 691 καταβαίνουσαν
625 610 750 690 αἰτίαν,
783 606 839 672 καὶ
870 602 955 673 θεὸν
993 603 1136 693 γόνιμον

110 709 222 780 ’Ἀττιν
250 710 337 781 εἶναι
364 714 420 780 καὶ
449 712 579 780 Γάλλον
606 709 878 799 πεπιστεύκαμεν,
906 707 947 780 ὃν
966 711 1008 799 δή
1029 732 1162 799 φησινε

120 815 137 887 ὁ
165 822 275 906 μῦθος
302 816 450 908 ἀνθῆσαι
478 818 539 906 μὲν
567 820 742 887 ἐκτεθέντα
765 815 855 907 παρά
874 817 1005 887 Γάλλου
1032 844 1136 887 ποτα-

118 928 184 1013 μού
225 940 297 1007 ταῖς
333 930 457 1010 δίναις,
495 923 564 993 εἶτα
605 922 709 992 καλὸν
746 926 895 1011 φανέντα
936 926 992 992 καὶ
1029 926 1137 1011 μέγαν

119 1029 336 1119 ἀγαπηθῆναι
367 1030 456 1120 παρὰ
488 1035 547 1118 τῆς
578 1029 717 1120 Μητρὸς
752 1033 820 1098 τῶν
851 1034 953 1099 θεῶν.
1002 1029 1065 1119 την
1099 1030 1137 1099 δὲ

118 1137 158 1205 τά
186 1164 220 1206 τε
248 1136 330 1206 ἀλλα
358 1137 467 1206 πάντα
496 1139 666 1226 ἐπιτρέψαι
699 1133 789 1229 αύτῷ
817 1139 873 1205 καὶ
901 1135 961 1204 τὸν
989 1134 1135 1226 ἀστερω-

118 1242 178 1312 τὸν
211 1247 376 1313 ἐπιθεῖναι
408 1253 515 1312 πῖλον.
566 1241 638 1312 ἀλλ’
674 1250 705 1312 εί
739 1243 801 1331 την
832 1241 989 1333 κορυφὴν
1022 1246 1135 1313 σκέπει
1150 1274 1174 1313 ιο

80 1365 101 1420 C
120 1348 341 1431 τοῦἍττιθος
360 1347 377 1420 ὁ
398 1352 602 1440 φαινόμενος
621 1347 766 1441 οὐρανὸς
780 1345 908 1436 ούτοσί,
926 1347 987 1418 τὸν
1002 1350 1136 1419 Γάλλον

118 1455 268 1545 ποταμὸν
296 1456 360 1547 ἀρα
388 1458 433 1545 μη
452 1483 530 1527 ποτε
548 1455 610 1547 χρη
639 1455 699 1526 τὸν
718 1458 880 1544 γαλαξίαν
908 1456 1137 1545 μαντεύεσθαι

118 1563 257 1645 κύκλους
290 1566 440 1632 ἐνταῦθα
472 1565 536 1654 γάρ
569 1584 652 1650 φασι
685 1569 872 1652 μίγνυσθαι
903 1561 941 1631 τὸ
978 1561 1136 1650 παθητὸν

119 1671 213 1757 σῶμα
251 1669 334 1759 πρὸς
364 1669 426 1758 τὴν
459 1668 573 1758 ἀπαθῆ
610 1672 671 1738 τοῦ
709 1673 858 1758 πέμπτου
894 1676 1135 1758 κυκλοφορίαν.

120 1774 195 1865 ἀχρι
236 1805 285 1846 τοι
323 1777 452 1845 τούτων
495 1780 671 1867 ἐπέτρεψεν
707 1773 728 1864 ἡ
767 1776 889 1865 Μήτηρ
929 1778 998 1844 τῶν
1039 1779 1134 1844 θεῶν
1150 1802 1172 1845 ιε

119 1886 256 1971 σκιρτᾶν
288 1912 322 1952 τε
354 1885 409 1953 καὶ
441 1884 593 1973 χορεύειν
630 1885 675 1975 τῷ
708 1885 797 1974 καλῷ
828 1883 936 1972 τούτῳ
969 1883 1026 1950 καὶ
1063 1897 1136 1963 ταῖς

118 1984 271 2076 ἡλιακαῖς
289 1988 421 2059 ἀκτῖσιν
440 1994 575 2080 ἐμφερεῖ
594 1991 669 2082 [τῷ]
698 1991 805 2080 νοερῷ
823 1991 905 2082 θεῷ,
933 1990 979 2079 τῷ
1000 1987 1135 2057 ’Ἀττιιλα

119 2091 137 2163 ὁ
171 2096 208 2164 δὲ
245 2096 357 2186 ἐπειδὴ
395 2095 524 2186 προῖὼν
561 2089 666 2184 ἦλθεν
703 2094 780 2185 ἀχρι
816 2098 884 2163 τῶν
917 2095 1082 2182 ἐσχάτων,
1116 2091 1134 2163 ὁ

119 2205 229 2289 μῦθος
256 2201 361 2273 αὐτὸν
389 2210 436 2285 είς
463 2202 500 2273 τὸ
521 2201 644 2331 ἀντρον
672 2211 848 2271 κατελθεῖν
876 2208 940 2288 ἔφη
968 2204 1025 2271 καὶ
1053 2223 1136 2288 συγ-

118 2310 278 2434 γενέσθαι
314 2314 353 2400 τη
389 2310 521 2399 νύμφῃ,
558 2308 595 2377 τὸ
634 2314 777 2437 ὃίυγρον
813 2307 1040 2395 αἰνιττόμενος
1076 2311 1136 2396 τῆς
1150 2337 1174 2378 ει

23 2540 30 2549 ’
119 2529 276 2591 λευταίαν
304 2523 341 2593 δε
369 2469 480 2592 αἰτίαν
507 2520 694 2609 ἀσώματον,
723 2550 743 2610 η
767 2548 825 2608 της
844 2518 926 2608 ύλης
944 2522 1136 2610 προέστηκα

120 2628 252 2713 λέγεταί
275 2657 325 2699 τοι
353 2631 407 2699 καὶ
436 2629 519 2719 πρὸς
543 2626 758 2719 Ἡρακλείτου

199 2757 346 2842 ψυχῇσιν
373 2754 522 2835 θάνατος
548 2750 671 2842 ύγρησι
698 2754 865 2838 γενέσθαι.

189 2989 298 3045 1εστιν
317 2990 388 3061 Η]
391 2996 438 3046 στί
504 2985 626 3060 δονᾶὴ
647 2986 720 3060 H]“
705 3010 740 3044 ον
759 2989 840 3054 διν
865 3007 916 3043 τον
935 2986 968 3043 δὲ
987 2994 1049 3042 Pet
1104 2996 1136 3043 10

120 3053 281 3127 ἐπιθεῖναι]
306 3065 475 3124 περιθεῖναι
497 3065 532 3114 Η.
563 3063 600 3112 ef
603 3064 784 3140 περικειται
807 3060 890 3111 1680
914 3066 942 3111 et
964 3059 1082 3111 Sallust.
1101 3060 1135 3111 de

120 3130 154 3178 D
175 3138 203 3179 et
222 3131 256 3179 M.
282 3148 307 3195 p
326 3134 376 3180 249
398 3128 449 3182 τὸν
472 3122 632 3195 ἀστερωτὸν
659 3119 735 3209 αύτῷ
754 3128 922 3209 περιθεῖναι
941 3129 1036 3179 πῖλον.
1071 3128 1133 3178 vid.

119 3203 212 3247 tamen
232 3197 380 3249 Cobetil‘.
405 3199 438 3249 L
458 3215 485 3264 p.
506 3202 555 3250 190
624 3201 656 3248 12
675 3180 732 3277 ἀρά
744 3183 827 3275 Η]
809 3212 867 3276 αρα
893 3196 898 3261 Ι
923 3187 1135 3275 μαντεύεσθαι]

120 3260 305 3316 αἰνίττεσθαι
324 3268 359 3317 Η.
384 3266 426 3316 Cf.
441 3266 554 3317 Sallust.
573 3282 600 3331 p.
613 3268 663 3316 250
681 3255 697 3317 ὁ
716 3257 772 3331 γάρ
791 3257 903 3324 Γάλλος
922 3257 972 3315 τόν
990 3261 1137 3330 γαλαξίαν

121 3328 282 3384 αἰνιττεται
301 3327 409 3385 κύκλον
490 3337 522 3384 17
539 3332 577 3401 τῷ
597 3334 706 3383 uncinis
725 3332 839 3383 inclusit
856 3333 883 3382 Π
962 3334 996 3383 20
1015 3328 1102 3409 δίυγρ
1103 3348 1137 3383 ον

120 3402 151 3451 B.
170 3399 341 3467 Friederich]
368 3400 469 3453 ὃίυλον
555 3404 587 3453 22
610 3396 777 3467 προέστηκε]
803 3402 839 3451 Et
857 3400 909 3450 hoc
926 3399 987 3451 Ιοοο
1003 3349 1137 3464 προύφέ-

120 3483 206 3532 στηκε
236 3475 263 3519 et
300 3470 383 3522 163A
413 3467 630 3536 προῦφεστάτες
659 3468 845 3532 scribendum,
875 3468 1026 3532 eodemque
1055 3466 1137 3519 modo

121 3538 203 3586 167Β
222 3544 249 3586 et
269 3538 351 3590 1740
372 3538 562 3604 corrigendum
