2392 3960
104 159 166 224 348
406 162 550 212 ιοιιιαι
572 160 820 214 ιιιεααιυοιιιε

187 285 324 358 Οὐκοῦν
351 293 381 357 εἰ
407 291 511 356 ταῦτα
537 284 616 376 παρ’
647 284 729 376 ὑμῖν
757 287 819 376 μὲν
841 279 886 376 ήν
912 287 1027 374 πάλαι,
1055 288 1120 357 σά-

106 403 191 476 ζεται
219 394 256 463 δὲ
284 397 317 475 ἐξ
346 397 476 463 ἐκείνου
509 397 564 463 καὶ
592 399 640 474 εἰς
666 390 753 482 ὑμᾶς
780 399 828 462 ἐτι
854 397 914 482 τής
940 397 1013 462 τῶν
1039 418 1120 484 προ-

105 499 218 586 γόνων
251 498 368 590 ἀρετής
400 498 510 589 ὥσπερ
549 500 742 591 ἐμπύρευμά
773 526 806 567 τι
842 500 1001 590 σμικρόν,
1033 500 1123 582 εἰκός

106 609 195 676 ἐστιν
222 602 309 696 ὑμᾶς
328 604 390 676 οὐκ
409 612 456 688 εἰς
474 605 511 675 τὸ
531 608 674 695 μέγεθος
692 610 761 675 τῶν
779 608 1019 696 πραττομένων
1037 604 1122 695 άφο-

106 717 170 802 ρᾶν
198 711 279 783 οὐδὲ
306 724 339 783 ελ
361 741 412 796 τις
439 711 549 803 ὥσπερ
577 711 624 781 δι’
655 711 753 804 ἀέρος
780 712 959 802 λπτάμενος
986 711 1045 783 διὰ
1062 717 1144 801 τήςι

105 823 166 908 γής
207 822 363 909 ἐβάδισεν
408 818 566 911 ἀμηχάνῳ
615 820 706 910 τάχει
745 821 801 888 καὶ
843 816 974 911 ἀτράτφ
1017 818 1121 909 ράμή,

106 942 243 996 σκοπεῖν
276 928 314 996 δὲ
342 925 407 1022 ότω
439 930 544 996 ταῦτα
576 925 657 1016 μετὰ
687 929 748 996 τοῦ
780 932 916 995 δικαίου
947 933 1122 1016 κατείργα-

108 1055 192 1120 σται,
220 1025 303 1125 κᾷτα
331 1030 375 1108 ἀν
401 1034 463 1122 μὲν
481 1041 641 1122 φαίνηται
669 1032 732 1114 ξὺν
751 1038 827 1122 δίκῃ
854 1030 1023 1122 πράττων,
1051 1036 1121 1123 ἰδίᾳ

54 1158 146 1208 -ιῖοτε
178 1139 283 1209 αὐτὸν
319 1149 400 1221 ῖσως
430 1142 486 1210 καὶ
519 1145 664 1230 δημοσία
699 1139 820 1220 πάντες
857 1141 1037 1226 ἐπαινεῖτε,
1064 1141 1120 1227 τής

108 1251 202 1333 δίκης
230 1247 267 1314 δὲ
294 1243 501 1336 ὀλιγωρήσας
528 1243 715 1335 ἀτιμάζοιτο
735 1241 778 1315 ἀν
804 1243 884 1335 παρ’
915 1241 1013 1333 ὑμῶν
1037 1244 1120 1314 ελιιό
1133 1268 1153 1308 ιι

107 1379 181 1433 τως.
227 1349 330 1421 οὐδὲν
358 1351 422 1443 γάρ
442 1350 549 1434 οὕτως
576 1353 666 1421 ἐστὶν
685 1349 729 1434 ὡς
756 1351 947 1421 τὸδίκαιον
974 1349 1122 1441 ἀδελφὸν

108 1457 279 1547 φρονήσει.
324 1456 404 1540 τούς
436 1450 499 1528 οὖν
532 1457 747 1548 ἀτιμάζοντας
777 1461 877 1528 τοῦτο
911 1463 1049 1539 δικαίως
1082 1453 1122 1527 ἀν

108 1566 163 1632 καὶ
192 1560 236 1644 ὡς
263 1570 310 1645 εἰς
337 1564 399 1652 τήν
425 1562 504 1654 παρ’
534 1561 616 1654 ὑμῖν
642 1564 729 1635 θεὸν
756 1562 965 1652 ἀσεβοῦντας
992 1562 1122 1646 ἐξελαό

108 1696 206 1739 νοιτε.
260 1671 425 1759 βούλομαι
466 1663 530 1740 οὖν
566 1667 649 1760 ὑμῖν
685 1668 725 1740 τά
761 1667 834 1739 κατ’
874 1668 1021 1760 ἐμαυτὸν
1063 1667 1123 1739 οόκ

109 1773 271 1863 ἀγνοοῦσι
298 1776 359 1865 μὲν
387 1774 585 1864 ἀπαγγεῖλαι
613 1776 651 1845 δὲ
670 1774 769 1866 ὅμως,
797 1774 897 1863 ὅπως,
916 1785 951 1845 εἴ
971 1802 1005 1845 τι
1032 1777 1152 1864 λάλει-11

69 1893 186 1951 Βθεν·
214 1881 304 1964 εἰκὸς
331 1881 369 1952 δὲ
396 1889 469 1952 ε”νια
497 1886 553 1953 καὶ
581 1880 644 1952 ὅσα
671 1883 813 1970 μάλιστα
831 1898 901 1964 τοῖς
927 1885 1012 1951 πᾶσι
1038 1909 1122 1970 γνω-

109 1992 236 2077 σθήναι
263 1989 436 2078 προσήκει·
465 1985 548 2076 ὑμῖν
573 1991 687 2058 τεκαὶ
715 1986 761 2058 δι’
791 1984 889 2077 ὑμῶν
914 2002 987 2071 τοῖς
1014 1986 1124 2071 ἄλλοις

103 2093 238 2182 Ἕλλησι
270 2097 402 2183 γένοιτο
438 2095 599 2185 γνώριμα.
648 2096 775 2183 μηθεὶς
798 2085 863 2164 οὖν
897 2091 1055 2185 ὑπολάβῃ
1086 2120 1125 2184 με

109 2209 223 2291 ληρεῖν
255 2198 276 2290 ή
309 2210 488 2291 φλυαρεῖν,
526 2206 558 2269 εἰ
587 2202 663 2291 περὶ
698 2203 768 2270 τόν
804 2204 907 2271 πᾶσιν
944 2197 1058 2293 ὥσπερ
1090 2203 1126 2270 ἐν

111 2304 301 2396 ὀφθαλμοῖς
341 2308 529 2395 γεγονότων
566 2304 608 2376 οὐ
643 2306 745 2377 πάλαι
786 2307 913 2395 μόνον,
949 2304 1034 2377 ἀλλὰ
1071 2308 1156 2378 παὶιι

110 2417 216 2505 μιαρῷ
235 2415 410 2503 πρότερον,
428 2421 605 2484 ποιεῖσθαί
618 2440 713 2494 τινας
731 2412 972 2503 ἐπιχειρήσαιμι
989 2414 1125 2502 λόγους·

111 2517 236 2588 οὐδένα
267 2517 332 2607 γάρ
366 2517 467 2590 οὐδὲν
499 2518 636 2607 ἀγνοεῖν
672 2520 838 2608 βούλομαι
867 2521 937 2588 τάν
969 2521 1126 2608 ἐμαυτοῦ,

111 2625 295 2695 λανθάνειν
323 2625 360 2696 δέ
388 2624 490 2696 ἀλλον
502 2618 592 2696 ἀλλα
620 2625 721 2708 εἰκός·
750 2623 892 2716 ἀρξομαι
916 2625 956 2694 δέ
973 2622 1041 2696 ἀπὸ
1058 2628 1127 2695 τῶν

72 2732 290 2819 ῖπρογόυων
316 2735 451 2822 πρῶτον
478 2736 546 2801 τῶν
574 2735 729 2821 ἐμαυτοῦ.

210 2839 277 2906 Καὶ
310 2836 360 2907 ότι
397 2839 459 2926 μὲν
494 2837 544 2922 τόιΙ
572 2837 656 2927 πρὸς
690 2837 815 2928 πατρὸς
850 2833 932 2927 ήμῖν
968 2841 1159 2909 ἐντεῦθενῖῖ

113 2940 257 3034 ὅθενπερ
285 2947 341 3013 παλ
368 2951 593 3037 Κωυσταντίφ
626 2943 666 3012 τά
698 2944 783 3035 πρὸς
814 2942 938 3034 πατρὸς
966 2941 1128 3034 ὥρμηται,

113 3050 271 3139 φανερόν.
308 3049 353 3119 τω
373 3051 438 3142 ’γὰρ
466 3048 610 3141 ήμετέρω
633 3052 752 3140 πατέρε
780 3050 964 3137 γεγόνατον
991 3047 1128 3141 ἀδελφά

112 3155 292 3244 πατρόθεν.
339 3155 426 3228 οὕτω
460 3157 497 3226 δέ
529 3163 673 3244 πλησίον
704 3152 790 3245 ήμᾶς
822 3155 922 3237 ὄντας
953 3170 1129 3244 συγγενεῖς

198 3468 259 3516 11·
252 3389 411 3533 εάήάλθάινε
434 3464 472 3529 V,
499 3457 631 3543 ἀδελφόν
659 3457 776 3543 ἀγαθόν
803 3464 902 3544 τροπὴ.
989 3465 1021 3515 16
1047 3457 1126 3529 ἔνια]

117 3526 278 3584 λανθάνειν
293 3483 360 3587 ἔνια
379 3533 445 3584 Rsk.
515 3535 547 3583 27
567 3525 605 3584 τά
624 3529 656 3598 V]
675 3531 713 3602 τῷ
746 3531 750 3592 Ι
782 3527 903 3598 ἀδελφά
920 3531 947 3582 V
