2392 3960
130 126 194 192 304
426 128 569 179 ιουικκι
591 126 843 180 ιιιοειειτοαιο

90 231 206 337 0ποις
234 260 394 343 πονηροῖς
420 255 476 322 καὶ
506 258 759 342 κακοδαίμοσιν.’
793 263 866 323 ίσθι
890 253 927 324 δὲ
956 256 1087 347 σεαυτῷ
1105 252 1147 324 τδι

131 368 251 452 σαρκία
288 360 451 430 δεδόσθαι
488 360 582 450 (τῆς)
620 367 827 451 λειτουργίας
862 362 959 430 ἕνεκα
996 367 1148 449 ταυτησί.

129 467 333 556 βουλόμεθα.
351 467 415 557 γάρ
435 488 490 536 σοι
516 464 578 555 την
595 464 803 555 προγονικὴν
831 471 941 536 οίκίαν
968 472 1064 536 αίδοί
1079 470 1148 536 τοῖν

128 574 310 664 προγόνων
337 571 559 662 ἀποκαθῆραι.
595 576 743 662 με’μνησο
771 564 847 660 οὖν,
875 570 926 643 ότι
953 570 1017 661 τὴν
1035 570 1149 662 ψυχὴν

130 677 306 750 ἀθάνατον
338 686 421 768 ἔχεις
449 681 504 749 καὶ
537 686 677 766 ἔκγονον
709 675 886 771 ἡμετέραν,
921 679 1082 768 ἑπόμενός
1114 707 1173 749 τεο

131 783 212 875 ἡμῖν
240 783 291 856 ὅτι
319 781 400 868 θεὸς
428 792 486 876 ἔση
514 787 570 855 καὶ
597 784 658 854 τὸν
684 781 843 877 ἡμέτερον
871 783 946 868 όψει
973 783 1041 855 σὺν
1068 782 1150 875 ἡμῖν

131 896 263 982 πατέρα.

215 1002 321 1069 Τοῦτο
355 1008 419 1067 εἴτε
452 1001 563 1087 μῦθος
594 1008 659 1067 εἴτε
691 996 821 1086 ἀληθής
853 1001 922 1067 ἐστι
954 998 1054 1086 λόγος
1086 996 1151 1070 οὐκ

133 1102 220 1175 οἶδα.
255 1104 293 1174 τὸ
312 1104 402 1194 παρὰ
431 1106 495 1173 σοῦ
524 1104 561 1174 δὲ
588 1106 822 1194 πεποιημένον,
849 1110 925 1173 τίνα
953 1104 1151 1192 βοόλειετδν

88 1224 113 1279 D
132 1213 241 1298 Πᾶνα,
269 1217 345 1279 τίνα
365 1210 401 1280 δὲ
420 1209 507 1279 εἶναι
524 1208 585 1280 τὸν
604 1216 683 1298 Δία,
711 1217 743 1280 εί
760 1209 803 1300 μη
823 1213 956 1299 τοῦτον,
984 1206 1030 1293 ὥς
1048 1211 1149 1301 ἐσμὲν
1164 1241 1187 1280 ιο

133 1317 198 1405 ἐγώ
225 1343 260 1386 τε
287 1318 342 1387 καὶ
371 1316 428 1403 σύ,
456 1314 499 1386 σὺ
526 1315 588 1405 μὲν
615 1313 633 1386 ό
663 1317 762 1405 Ζεύς,
794 1314 860 1404 ἐγὼ
889 1317 926 1387 δὲ
954 1312 972 1387 δ
1001 1317 1094 1402 Πάνς
1125 1315 1151 1388 οἳ

132 1427 194 1492 τοῦ
221 1429 354 1510 γελοίου
383 1423 613 1510 Ψευδόπανος,
640 1426 851 1514 γελοιοτέρου
878 1425 992 1512 μίντοι
1018 1422 1062 1513 νὴ
1089 1423 1152 1494 τὸν

129 1527 328 1617 Ἀσκληπιὸν
364 1532 425 1598 τοῦ
462 1529 570 1598 πάντα
607 1532 735 1618 μᾶλλον
770 1526 792 1619 ἢ
832 1528 917 1612 Διὸς
952 1526 1150 1621 ἀνθρώπου.

131 1638 236 1704 ταῦτα
265 1633 329 1705 οὐκ
347 1641 437 1704 ἔστιν
456 1631 600 1724 ἀτεχνῶς
619 1638 655 1705 ἐκ
672 1639 734 1706 τοῦ
762 1639 969 1725 μαινομένου
987 1636 1151 1727 στόματος

133 1739 208 1810 οὔτι
239 1740 301 1831 τὴν
328 1748 465 1829 ἔνθεον,
498 1738 581 1811 ιἰλλδι
608 1741 670 1831 τὴν
702 1749 885 1831 ἔκπληκτον
912 1748 1053 1831 μανίαν;
1088 1740 1185 1814 οόκο

134 1845 251 1935 οἶσθα,
289 1846 340 1918 ὅτι
371 1850 427 1917 καὶ
461 1844 478 1917 ὁ
511 1847 715 1937 Σαλμωνεὺς
747 1854 871 1919 ἔδωκεν
903 1845 987 1940 ὑπὲρ
1019 1848 1151 1920 τούτων

80 1968 207 2037 κὸστοίς
233 1966 328 2036 θεοῖς
355 1961 469 2043 δίκην,
502 1952 553 2024 ὅτι
585 1952 765 2044 ἅνθρωπος
798 1952 847 2025 ὢν
879 1959 1037 2047 ἐπεχείρει
1065 1955 1151 2038 Ζεὺς

134 2059 235 2144 είναι;
267 2060 304 2130 τὸ
334 2061 370 2130 δὲ
404 2063 439 2130 ἐκ
465 2064 534 2130 τῶν
558 2057 718 2131 Ἡσιόδου
751 2062 933 2151 λεγόμενον
964 2058 1060 2153 ὑπὲρ.
1082 2067 1151 2132 τῶν

134 2164 375 2255 όνομασόντωυ
404 2165 544 2249 ἑαυτοὺς
562 2182 632 2249 τοῖς
650 2171 718 2237 τῶν
735 2172 827 2238 θεῶν
851 2165 1026 2257 ὀνόμασιν,
1045 2166 1151 2260 Ἥρας

68 2322 71 2329 -
133 2300 167 2341 τε
199 2275 255 2342 καί
283 2273 395 2361 Διός,
416 2280 448 2342 εί
478 2274 574 2363 μήπω
606 2275 662 2343 καὶ
677 2278 761 2343 νῦν
797 2273 956 2364 ἀκήκοας,
994 2281 1057 2365 ἔχοι
1096 2296 1187 2355 σοιιι

134 2383 344 2467 σνγγυῶναι·
383 2377 463 2450 οὐδὲ
498 2379 562 2469 γὰρ
600 2382 879 2471 ἐπαιδοτριβήθης
919 2385 1028 2463 καλῶς
1069 2379 1152 2452 οὐδὲ

134 2491 245 2574 ἔτυχες
272 2486 518 2574 καθηγεμόνος,
551 2482 674 2556 ὁποίου
705 2490 780 2579 περὶ
813 2485 892 2569 τοὺς
918 2483 1058 2576 ποιητὰς
1085 2486 1150 2577 ἐγὼ

133 2593 270 2661 τουτουὶ
302 2595 364 2661 τοῦ
395 2593 603 2680 φιλοσόφου,
635 2591 712 2682 μεθ’
748 2591 788 2664 ὃν
825 2596 878 2664 ἐπὶ
914 2593 955 2664 τὰ
991 2594 1151 2687 πρόθυρα

133 2700 191 2784 τῆς
219 2704 431 2785 φιλοσοφίας
449 2689 558 2786 ἦλθον
577 2696 635 2768 ὑπ’
667 2697 766 2790 ιἰνδρὶ
785 2701 1081 2790 τελεσθησόμενος,
1109 2699 1151 2772 δν

97 2801 292 2892 Βνενόμικα
329 2807 397 2872 τῶν
434 2802 505 2874 κατ’
541 2803 685 2893 ἐμαυτὸν
721 2807 857 2876 πάντων
895 2809 1080 2898 διαφέρειν.
1131 2803 1194 2878 διι-

134 2912 175 2978 δί
199 2938 239 2998 με
256 2909 320 3000 πρὸ
349 2910 485 2980 πάντων
504 2908 625 3001 ἀρετὴν
644 2909 758 2982 ἀσκεῖν
786 2915 841 2984 καὶ
859 2912 963 2995 θεοὺς
991 2909 1152 2987 ἁπάντων
1192 2918 1194 2923 ’

203 3161 445 3228 1ιιαιιοδαίμοσιν
464 3161 497 3230 V]
515 3163 708 3229 κακοδαίμοσι
776 3169 792 3216 2
815 3183 865 3231 της
885 3165 946 3216 add.
964 3166 993 3216 Η
1018 3164 1040 3247 Ι
1050 3166 1153 3221 εἵνεκα

133 3228 158 3277 V
227 3221 323 3280 8ἕοτι
343 3230 449 3283 add.V
537 3236 569 3283 10
592 3229 716 3312 τοῦτον]
732 3231 842 3285 τοῦτοί
929 3225 998 3286 11ί
999 3229 1059 3314 ⁷9⁵
1061 3251 1094 3288 τε
1117 3232 1152 3303 v]

21 3346 24 3351 ,
133 3288 202 3377 ε’γώ
259 3300 289 3347 12
308 3295 497 3362 ψευδοπανδς
514 3301 538 3350 V
609 3304 640 3351 14
664 3299 716 3351 τοῦ
733 3301 883 3353 deleverim
954 3292 1023 3354 19⁹
1008 3294 1153 3369 οιόμασιν
1191 3325 1192 3328 ’

133 3356 202 3429 V]’
186 3359 321 3485 ονόμαοιέ
378 3369 409 3416 21
429 3365 591 3433 συγγνῶναι
609 3366 698 3487 Ἧέον
681 3363 834 3436 νγνεόμην
861 3367 865 3433 Ι
897 3370 982 3421 καλ..
1005 3371 1044 3435 V,
1060 3373 1153 3454 καλος
1192 3390 1194 3401 ·

132 3438 188 3513 pet:
258 3426 321 3485 255
323 3427 427 3499 νόμιοα
444 3435 504 3486 Pet.
523 3428 667 3502 spanhqss
669 3451 789 3503 υμισας
807 3438 831 3488 V
848 3443 920 3503 pet.,
940 3452 992 3504 ego
1009 3433 1153 3508 νενόμικα
1191 3474 1194 3491 .

133 3501 232 3566 scripsi
