2392 3960
290 889 564 964 ΙΟΤΛΙΑΝΟΤ
595 889 976 965 ΑΤΤΟΚΡΑΤΟΡΟΣ

326 1026 388 1076 εΙΣ
405 1026 504 1077 τοτε
522 1026 790 1078 mmmm
807 1028 942 1084 ΚΤΝΑΣ.

202 1187 290 1257 ’Ἇνω
317 1192 486 1277 ποταμῶν,
513 1192 612 1258 τοῦτο
641 1187 684 1277 δὴ
702 1189 738 1258 τὸ
757 1193 815 1278 τῆς
832 1197 1019 1280 παροιμίας.
1056 1187 1144 1280 ἀνὴρ

128 1293 278 1376 Κυνικὸς
304 1297 452 1383 Διογένη
480 1298 564 1383 φησὶ
591 1295 787 1383 κενόδοξον,
815 1298 870 1366 καὶ
898 1306 1144 1386 ψυχρολουτεῖν

130 1399 172 1470 οὐ
199 1402 369 1489 βούλεται,
398 1401 531 1490 σφόδρα
558 1404 745 1490 ἐρρωμένος
770 1401 808 1471 τό
837 1406 931 1491 σῶμα
958 1405 1013 1473 καὶ
1043 1421 1168 1493 σφρι-5

78 1510 206 1596 ιεῖγῶν
233 1510 289 1577 καὶ
316 1506 378 1596 τὴν
404 1504 538 1596 ἡλικίαν
565 1505 734 1596 ἀκμάζων,
763 1504 808 1589 ὥς
835 1505 879 1577 ἀν
906 1509 951 1598 μή
977 1537 1010 1579 τι
1037 1508 1145 1579 κακὸν

130 1614 231 1703 λάβη,
267 1616 323 1683 καὶ
354 1617 459 1683 ταῦτα
495 1617 556 1683 τοί
587 1618 674 1684 θεοῦ
709 1629 781 1695 ταῖς
815 1626 969 1704 θεριναῖς
1004 1630 1146 1704 τροπαῖς

130 1719 195 1808 ἤδη
232 1721 439 1809 προσιόντος.
489 1718 571 1791 ἀλλά
603 1723 660 1791 καὶ
691 1719 754 1809 τὴν
785 1719 917 1809 ἐδωδὴν
948 1725 1010 1790 τοῦ
1040 1722 1146 1791 πολύ-

130 1831 235 1908 ποδος
266 1833 423 1919 κωμῳδεῖ
451 1834 511 1896 καί
539 1849 623 1916 φησι
658 1827 720 1896 τὸν
752 1829 900 1916 Διογένη
933 1830 991 1916 της
1028 1825 1148 1910 ἀνοίας

130 1934 188 2003 καὶ
213 1936 406 2016 κενοδοξίας
433 1937 629 2004 ἐκτετικέναι
648 1940 743 2015 δίκας
771 1931 880 2023 ὥσπερ
908 1930 973 2004 ὑπὸ
1001 1940 1147 2004 κωνείου
1160 1953 1185 1993 1⁰

130 2042 188 2128 τῆς
214 2044 343 2128 τροφῆς
375 2043 616 2130 διαφθαρέντα.
663 2038 751 2109 οὕτω
778 2040 892 2130 πόρρω
924 2067 992 2110 πον
1023 2046 1149 2128 σοφίας

132 2146 274 2234 ἐλαύνει,
303 2144 386 2216 ὥστε
405 2150 575 2217 ἐπίσταται
603 2150 721 2236 σαφῶς
748 2143 799 2216 ότι
818 2142 960 2216 κακόνό
988 2145 1148 2228 θάνατος.

131 2256 231 2322 τοῦτο
264 2253 306 2322 δέ
333 2251 469 2340 ἀγνοεῖν
501 2250 735 2342 ὑπελάμβανεν
767 2249 785 2322 ὁ
819 2251 926 2340 σοφὸς
954 2252 1149 2342 Σωκράτης,

95 2357 216 2433 Βάίλά
243 2361 299 2428 καὶ
327 2358 394 2448 μετ’
425 2363 555 2430 ἐκεῖνον
581 2361 756 2448 Διογένης.
802 2357 1032 2450 ἀρρωστοῦντι
1050 2362 1150 2446 γοῦν,

133 2472 254 2552 φασίν,
280 2464 483 2535 Ἀντισθένει
510 2466 640 2556 μακρὰν
667 2465 1011 2554 καῖ’δνσανάίηπτον
1038 2461 1149 2555 ἀρρω-
1164 2482 1190 2525 1⁵

133 2577 230 2639 στίαν
258 2573 408 2659 ξιφίδιον
426 2569 628 2642 ἐπέδωκενὸ
648 2574 816 2660 Διογένης
843 2572 958 2642 εῖπιόν·
986 2576 1019 2640 εί
1043 2577 1150 2658 φίλου

132 2677 258 2766 χρῄζεις
284 2674 479 2768 ὑπουργίας.
525 2677 632 2761 οὕτως
650 2675 752 2748 οὐδὲν
771 2676 853 2771 ρ’ίετο
882 2676 995 2748 δεινόν
1023 2680 1153 2759 ἐκεῖνος

133 2781 214 2853 οὐδὲ
242 2782 397 2871 ἀλγεινὸν
414 2784 475 2855 τὸν
497 2785 659 2855 θάνατον.
704 2782 777 2855 ἀλλ’
807 2781 901 2873 ἡμεῖς
919 2788 955 2853 οί
979 2783 1016 2853 τὸ
1045 2786 1151 2873 σκηπ-

58 2885 61 2888 ’
132 2917 214 2979 τρον
259 2895 391 2961 ἐκεῖθεν
430 2891 679 2982 παραλαβόντες
719 2887 785 2962 ὑπὸ
832 2898 981 2979 μείζονος
1028 2897 1155 2978 σοφίας

202 3081 235 3130 14
253 3075 407 3147 Διογένης]
430 3073 570 3162 [Ἆντισδέ
572 3079 634 3162 νης]
654 3076 796 3162 Διογένης
814 3084 870 3146 pet.
951 3081 983 3130 15
1002 3076 1107 3160 φασίν
1114 3077 1153 3146 H]

134 3144 226 3225 φησὶν
256 3146 260 3212 Ι
294 3148 394 3199 Suidas
412 3167 439 3200 v
460 3143 655 3230 Ἀντισθένηςε
670 3139 737 3199 Ὅτι
762 3145 957 3230 αρρωστοῦντι
977 3140 1156 3200 Ἀντισθένει

133 3205 248 3298 μακράν
282 3213 333 3266 καὶ
365 3211 512 3268 δνοανιίκλ
533 3233 584 3268 τον
613 3210 773 3298 ἀρρωστίαν
803 3209 818 3266 6
849 3211 994 3295 Διογένης
1020 3212 1155 3294 ξιφίδιον

134 3275 281 3334 ἐπέδωκεν
310 3280 411 3365 είποίγ·
440 3282 468 3337 εί
482 3235 579 3365 φίλην
607 3279 721 3362 χρῄζεις
748 3276 917 3350 υπουργίας.
957 3299 1049 3342 ουτως
1080 3271 1154 3352 ᾤετο

134 3346 247 3410 ἐκεῖνος
263 3343 353 3405 οὐδὲν
373 3343 427 3418 ἀῖγ
430 3345 509 3405 εινόν
527 3346 579 3403 τόν
597 3344 741 3405 δάνατον.
777 3351 883 3401 Eadem
902 3336 1091 3402 contractiori
1110 3365 1157 3400 το-

134 3423 232 3482 petunt
234 3435 266 3470 ur
283 3437 310 3472 ι
330 3416 369 3474 Ec
386 3419 476 3489 φιῖον
495 3411 605 3488 χρήζ.
590 3437 640 3473 απ.
713 3420 745 3470 17
763 3412 855 3472 οὐδὲν
872 3415 959 3485 Sum]
981 3409 1127 3470 οὐδέν’
