2392 3960
412 184 621 238 EPISTOLAE
638 190 679 240 40.
698 191 740 239 41.
1021 184 1084 250 543

10 377 25 413 ·.·
69 320 160 408 ὅρων
193 319 328 387 ἑστάναι
360 321 415 392 καὶ,
447 324 505 407 τῆς
535 317 601 390 ῦπὸ
635 326 699 391 σοῦ
721 320 893 410 ’μουσικῆς
919 323 1084 410 ἐμφορου·

10 461 25 521 3
67 427 192 513 μένους
223 423 375 514 ἠρεμεῖν,
407 424 517 514 ὥσπερ
546 432 582 494 οἳ
606 427 668 514 τὴν
692 425 901 508 ’Λπόλλωνος
925 432 1137 515 μαντείαν421

68 536 101 615 ἐξ
129 530 264 600 ἀδύτων
294 535 393 619 ἱεροῦν
414 537 604 620 προϊοῦσαν
625 531 732 623 ἡσυχῇ
756 535 925 622 δέχονται·
957 533 1026 602 ἐπεὶ
1051 530 1082 600 δ’

68 638 169 718 αὐτὸς
195 635 277 724 ἡμῖν
303 642 374 706 τοῦ
391 641 512 726 μέλους
538 637 576 707 τὸ
606 639 786 727 ἐνδόσιμον
813 640 1008 728 μνηστεύεις
1029 640 1086 708 καί

42 740 143 814 ιοῖον
162 741 288 832 Ἑρμοῦ
315 744 430 837 ῥάβδῳ
457 749 502 836 τῷ
531 743 620 832 παρὰ
643 750 770 814 σαυτοῦ
791 745 881 838 λόγῳ
904 759 1008 825 κινεῖς
1029 747 1086 814 καὶ

10 854 15 889 ³
67 855 242 938 διεγείρεις
277 852 526 937 καθεύδοντας,
563 853 644 940 φέρε
681 871 749 940 σοι,
785 850 937 941 καθάπερ
975 856 1010 920 οἱ
1038 854 1084 942 τῷ

67 956 229 1048 Διονύσῳ
265 956 326 1025 τὸν
359 957 492 1045 θύρσον
524 956 707 1048 κρούσαντι
738 957 823 1046 πρὸς
854 957 916 1045 τὴν
949 963 1085 1046 χορείαν

65 1063 179 1131 ἅνετοι
203 1064 375 1151 φέρονται,
400 1061 489 1131 οὕτω
512 1063 567 1131 καὶ
590 1061 685 1151 ἡμεῖς
706 1062 771 1133 ῦπὸ
795 1067 841 1156 τῷ
865 1067 912 1155 σῷ
931 1062 1084 1154 πλήκτρῳ

65 1171 104 1239 τὸ
134 1169 223 1252 είκὸς
249 1167 514 1258 ιἰνττγχήσωμεν,
535 1168 645 1259 ὥσπερ
671 1173 706 1238 οί
725 1174 772 1264 τῷ
794 1167 978 1259 χοροστότχ
1002 1167 1125 1257 πρὸςΒ

15 1291 50 1334 10
65 1275 105 1346 τὸ
130 1273 306 1364 ιἰνόκλημα
332 1280 394 1345 τοῦ
417 1278 553 1365 ῥυθμοῦ
577 1281 875 1366 συνομαρτοῦντες.
919 1277 974 1344 καὶ
997 1281 1085 1366 προῦ-

64 1382 128 1453 τόν
153 1402 206 1451 σοι
230 1386 297 1450 τῶν
320 1381 443 1470 λόγων,
467 1378 527 1461 οῦς
549 1387 681 1468 βασιλεῖ
700 1381 894 1451 κελεύσαντι
917 1382 1000 1471 πρὸς
1021 1382 1085 1473 τὴν

66 1488 226 1575 ιἰοίδιμον
253 1492 314 1557 τοῦ
336 1492 495 1576 πορθμοῦ
519 1490 626 1570 ζεῦξιν
650 1493 789 1576 ἔναγχος
811 1487 1085 1576 ἐξειργασάμεθα,

66 1593 182 1681 ἐπειδὴ
214 1593 315 1662 τοῦτό
347 1595 416 1662 ἐστι
449 1597 591 1684 δοκοῦν,
623 1591 862 1683 ἀπαρξόμεθα,
876 1589 995 1685 μικρὰ
1022 1595 1086 1683 μὲν

65 1701 144 1770 ἀντὶ
167 1701 320 1787 μεγάλων
339 1700 395 1768 καὶ
414 1704 459 1793 τῷ
479 1699 552 1770 όντι
569 1705 673 1788 χαλκῦ
692 1690 831 1789 χρυσοῦν
845 1698 1086 1787 ἀντιδιδόντες,

10 1829 49 1875 15
67 1803 120 1887 οἷς
144 1806 181 1875 δὲ
205 1812 323 1894 ἔχομεν
341 1809 462 1889 ξενίοις
478 1807 539 1878 τὸν
553 1809 678 1896 Ἑρμῆν
695 1807 756 1875 τὸν
775 1804 935 1898 ἡμέτερον
954 1808 1084 1876 ἕστιοῦν-
1169 1804 1172 1809 ’

64 1941 127 1994 τες.
172 1915 303 1994 πάντως
327 1911 407 1982 οὐδὲ
428 1902 487 2002 τῆς
504 1912 644 2001 Ἑκόλης
667 1913 685 1983 ὁ
708 1913 838 2002 ,Θησεὺς
861 1919 922 1983 τοῦ
946 1920 1084 1984 δείπνου

63 2021 104 2088 τὸ
129 2019 223 2088 λιτὸν
246 2017 444 2107 ἀπηξίωσεν,
466 2017 539 2087 ἀλλ’
555 2019 630 2110 ᾔδει
650 2022 706 2089 καί
724 2033 855 2110 μικροῖς
872 2021 906 2100 ἐς
923 2019 960 2089 τὸ
982 2019 1084 2108 ιἰναγ-
1102 2010 1141 2086 (λι

64 2141 165 2195 καῖον
189 2123 380 2213 ἀρκεῖσθαι·
409 2122 426 2193 ὁ
450 2123 530 2192 Πῦν
553 2126 590 2194 δὲ
614 2124 632 2195 ό
656 2126 775 2215 νόμιος
797 2128 859 2194 τοῦ
880 2125 1003 2206 παιδὸς
1024 2131 1086 2196 τοῦ

65 2230 237 2320 βουκόλου
258 2229 321 2318 τὴν
344 2229 486 2319 σύριγγα
509 2232 742 2320 προσαρμόσαι
764 2246 835 2312 τοῖς
858 2237 1001 2319 χείλεσιν
1024 2230 1086 2316 οῦκ

11 2360 51 2406 20
66 2336 233 2427 ἠτίμασε.4
260 2341 389 2426 προσοῦ
427 2336 468 2423 δὴ
506 2338 562 2405 καὶ
597 2336 697 2422 αύτὸς
727 2338 788 2408 τὸν
819 2337 923 2424 λόγον
955 2336 1111 2426 εὐμενεί-

66 2444 224 2532 νεύματι,
264 2444 320 2513 καὶ
361 2442 406 2531 μὴ
444 2439 636 2534 ιἰποκνήσχς
661 2443 774 2538 ὶόλίγρι
811 2448 902 2532 μέλει
938 2445 1111 2534 μεγάλην,

67 2551 176 2640 ιἰκοὴν
205 2552 374 2627 ἐνδοῦναι,
418 2546 492 2617 ἄλλ’
518 2549 578 2618 ἐὰν
605 2553 668 2638 μὲν
691 2556 748 2640 ἔχχ
771 2575 803 2618 τι
827 2549 953 2637 δεξιόν,
986 2549 1126 2634 αύτόςιε

66 2685 103 2728 τε
138 2654 155 2725 ὁ
189 2650 293 2741 λόγος’
321 2652 453 2742 εῦτνχεῐ
481 2655 537 2723 καὶ
569 2653 587 2724 ὅ
615 2654 755 2745 ποιητὴς
781 2652 887 2725 αῦτοῦ
912 2661 971 2745 τῆς
996 2658 1087 2748 παρὰ

67 2769 128 2852 τῆς
148 2761 294 2850 Ἀθηνᾶς
316 2760 434 2848 ψήφου
455 2760 518 2849 τὴν
541 2768 728 2852 μαρτυρίαν
751 2762 966 2850 προσλαβόν.
999 2770 1030 2832 εί
1052 2763 1083 2833 δ’

14 2891 53 2939 25
69 2879 118 2942 ἔτι
147 2869 256 2959 χειρὸς
283 2869 437 2948 ἐντελοῦς
464 2873 512 2948 είς
536 2868 574 2938 τὸ
603 2874 666 2939 τοῦ
693 2868 776 2970 ὅλου
797 2870 959 2960 πλήρωμα
975 2865 1128 2960 προσ-λ)

142 3063 155 3110 1
174 3049 232 3112 ῦπό
251 3073 303 3110 σου
320 3075 353 3124 v,
376 3073 446 3110 corr.
463 3057 567 3122 Heyler
635 3064 651 3112 3
673 3057 833 3126 προϊοῦσαν
851 3058 888 3127 Η]
910 3058 1088 3128 προσιοῦσαν

68 3133 85 3182 ὅ
114 3123 153 3198 τῷ
172 3120 251 3192 παρὰ
271 3125 380 3186 σαυτοῦ
399 3117 474 3205 λόγρ
496 3127 593 3182 εΒττ.
611 3127 672 3179 add.
690 3127 784 3194 spanh.
859 3120 1006 3192 λθύρσον
1021 3128 1085 3179 Bar.

68 3194 124 3262 Ph]
144 3187 263 3247 θόασον
328 3197 359 3246 13
377 3191 495 3273 δοκοῦν]
515 3187 547 3246 τό
567 3191 675 3248 δοκοῦν
691 3197 766 3260 Bar„
786 3211 831 3249 σοι
849 3195 957 3249 δοκοῦν
975 3197 1002 3273 I}
1054 3198 1087 3246 14

68 3257 204 3331 μεγάλων
221 3261 380 3330 Horkelius]
411 3263 543 3329 μεγαλων
568 3266 632 3323 τοῖς
661 3260 733 3329 (τῶν
758 3264 820 3320 Bar.
834 3263 887 3328 Ph)
910 3279 990 3326 παρα
1008 3260 1085 3328 σουλ

64 3328 165 3418 χαλκᾶ
184 3331 296 3397 χρυσῶν
314 3327 391 3396 Bau]
411 3322 520 3397 χαλκόν
539 3328 645 3397 χρυσοῦ
663 3347 697 3413 ν,
719 3331 808 3399 χρυσᾶ
828 3329 942 3398 χαλκῶν
959 3329 1002 3409 ξλι
1054 3331 1086 3380 16

71 3394 175 3466 Ερμήν
193 3418 223 3462 v,
242 3415 312 3452 corr.
332 3397 437 3464 Hayler
500 3401 533 3451 18
550 3395 601 3452 καλ
619 3390 636 3450 ὁ
653 3399 721 3451 Παν
739 3393 773 3451 δὲ
791 3399 853 3451 Phk
912 3400 946 3449 20
962 3393 1086 3463 ητίμαοε

68 3465 124 3532 Ph]
145 3458 306 3534 ήτίμασενΙ
337 3464 445 3530 προσοῦ
464 3464 629 3534 ΗοτῙτοίἰιιε]
647 3460 755 3534 πρόσου
773 3471 867 3532 ταυτα,
885 3458 942 3533 πρό
959 3479 1013 3517 σου
1030 3469 1086 3531 pet.

69 3536 183 3602 spanh„
203 3526 324 3601 πρόσχες
342 3533 446 3598 Heyler
463 3549 496 3584 ex
513 3535 556 3609 1³13
602 3550 604 3554 ·
787 3536 792 3543 '
