2392 3960
110 179 172 245 134
406 178 547 231 ιστεεαῐ
570 178 821 232 IMPERATORIS

109 336 173 398 νην
202 307 351 396 οἰόμενοι
379 311 499 398 χρῆναι
517 307 557 377 τὰ
575 311 724 395 τοιαῦτα,
751 311 819 377 τῶν
844 310 896 377 ἕπλ
914 323 986 389 τοῖς
1012 313 1123 398 ἔργοις

69 419 282 504 Οὲγκωμίων
311 412 568 504 ἀφαιρησόμεθα
600 415 660 484 τὸν
688 417 723 484 ἐκ
750 418 811 485 τοῦ
842 414 1036 484 κολακεύειν
1064 420 1122 485 δο-

107 538 179 592 κεῖν
220 521 329 609 ψόγον
367 521 566 606 δεδοικότες;
600 520 745 611 Ὅμηρος
784 521 821 591 δὲ
859 519 921 592 οῦκ
957 519 1121 611 ᾐσχύνετο

107 628 170 718 τὴν
198 629 400 717 Πηνελόπην
433 630 606 710 ἐπαινέσας
639 626 719 698 οῦδλ
750 626 813 717 τὴν
839 625 992 698 Ἀλκίνου
1021 657 1122 718 γαμε-

108 736 184 824 τήν,
214 733 293 804 οῦδὲ
325 745 359 803 εἴ
380 762 430 817 τις
463 734 544 824 όίλλη
574 735 803 824 διαφερόντως
835 732 947 823 ιἰγαθὴ
980 731 1149 823 γέγονενε

107 839 129 931 ἢ
156 843 212 911 καὶ
240 844 292 911 ἐπὶ
321 841 461 931 σμικρὸν
478 839 607 971 ἀρετῆς
635 841 846 930 μετεποιήθη.
893 840 1021 911 οῦκουν
1040 840 1123 912 οῦδὲ

107 953 216 1037 ἐκείνη
254 953 311 1037 τῆς
354 947 404 1018 ἐπ’
445 946 534 1040 αὐτῷ
575 948 682 1041 τούτῳ
725 949 904 1084 διημαρτεν
945 946 1123 1037 εὐφημίας.

106 1055 190 1145 πρὸς
217 1055 254 1123 δε
282 1047 326 1123 αῦ
353 1056 484 1135 τούτοις
510 1065 636 1123 παθειν
663 1054 777 1144 μλν’
742 1083 781 1124 ευ
807 1056 863 1125 καλ
890 1070 1002 1142 τυχεῖν
1029 1082 1124 1138 τινος

107 1160 253 1248 αἰγαθοῦ,
281 1165 424 1250 σμικροῦ
442 1189 477 1230 τε
496 1157 618 1249 ὁμοίως
645 1163 699 1229 καλ
719 1168 878 1249 μείζονος,
907 1158 1008 1230 οῦδὲν
1027 1168 1122 1232 ἔλατ-

62 1278 166 1338 Βτον
199 1265 288 1357 παρὰ
321 1266 480 1356 γυναικὸς
511 1263 532 1355 ἢ
565 1265 655 1357 παρὰ
688 1265 811 1356 ἀνδρὸς
845 1268 1024 1357 δεξόμεθα,
1057 1268 1121 1358 τὴν
1136 1301 1164 1339 ιο

107 1375 143 1443 δὲ
176 1373 227 1444 ἐπ’
262 1372 352 1465 αὐτῷ
389 1375 486 1463 χάριν
519 1371 689 1444 ἀποτίνειν
727 1372 927 1463 ὀκνήσομενς
962 1371 1043 1444 ἀλλὰ
1076 1376 1122 1465 μη

105 1509 183 1551 ποτε
211 1483 265 1550 καλ
295 1478 376 1549 αὐτὸ
404 1480 441 1549 τὸ
471 1486 605 1549 δεῖσθαι
637 1482 882 1567 καταγέλαστον
915 1479 1001 1550 εἶναι
1030 1486 1121 1569 φῦσι

104 1590 160 1656 καλ
190 1585 251 1657 οῦκ
279 1585 373 1668 όίξιον
401 1584 526 1679 ἀνδρὸς
554 1591 718 1667 ἐπιεικοῦς
744 1589 800 1656 καλ
829 1594 1005 1674 γενναίου,
1033 1586 1121 1658 εἶναι

107 1695 144 1763 δὲ
171 1696 225 1762 καλ
253 1692 313 1761 τὸν
338 1691 501 1762 Ὀδυσσέα
528 1692 588 1762 τὸν
621 1691 731 1782 σοφόν
760 1690 883 1782 ολγεννη
912 1696 967 1762 καλ
996 1695 1120 1782 δειλόν,

107 1798 158 1869 ότι
190 1829 251 1888 την
282 1803 343 1868 τοῦ
376 1802 591 1887 βασιλέωςί
589 1802 699 1869 κέτευε
731 1802 904 1889 θυγατέρα
935 1807 1121 1883 παίζουσαν
1137 1832 1164 1872 15

107 1908 160 1976 ἐπὶ
187 1910 247 1976 τοῦ
276 1910 435 1994 λειμῶνος
468 1906 529 1987 ξῦν
555 1921 628 1989 ταις
660 1903 788 2033 ὁμηλιξι
820 1909 1003 2035 παρθένοις
1029 1907 1121 1997 παρὰ

106 2017 168 2082 τοῦ
205 2016 356 2101 ποταμοῦ
397 2029 469 2094 ταῖς
504 2010 589 2102 η’όσι.
646 2042 689 2102 μη
727 2041 806 2083 ποτε
844 2005 908 2082 οῦν
946 2010 1026 2083 οῦδὲ
1063 2042 1122 2102 της

104 2117 248 2208 Ἀθηνᾶς
275 2148 333 2207 της
359 2123 420 2188 τοῦ
447 2119 537 2200 Διὸς.
560 2117 770 2208 ἀπόσχωνται
798 2116 974 2206 παιδός,“
954 2149 997 2208 ην
1017 2118 1121 2209 Ὅμη-

54 2227 170 2316 106ρός
193 2247 298 2315 φησιν
326 2223 588 2296 ίιπεικασθείσαν
615 2229 774 2318 παρθένῳ
793 2230 876 2316 καλῇ
896 2228 951 2295 καλ
978 2235 1120 2318 γενναία

105 2331 262 2403 Ὀδυσσεῖ
295 2333 356 2420 μέν
393 2329 586 2421 ἡγήσασθαι
623 2337 681 2421 τῆς
713 2334 766 2402 έπλ
798 2332 839 2401 τὰ
871 2338 1023 2421 βασίλεια
1061 2362 1120 2421 φε-
1138 2366 1165 2405 κο

107 2441 232 2530 ροῦσης
265 2436 362 2526 ὁδοῦ,
396 2440 590 2528 σύμβουλον
623 2439 660 2509 δὲ
693 2436 799 2509 αῦτοῦ
826 2441 881 2508 καλ
915 2440 1123 2510 διδάσκαλον

107 2549 306 2634 γενομένην,
345 2537 393 2613 οἷν
433 2549 533 2636 έχρην
571 2555 648 2615 είσω
690 2546 903 2636 παρελθόντα
942 2550 1027 2637 δρῦν
1065 2550 1122 2616 καὶ

107 2655 227 2740 λέγειν,
255 2651 408 2744 καθάπερ
435 2651 510 2720 τινὰ
531 2653 655 2745 ῥήτορα
684 2651 745 2734 ξῦν
773 2654 842 2742 [τῇ]
871 2655 969 2742 τέχνη
994 2655 1122 2722 τέλειον

107 2751 186 2851 ᾆσαι
218 2764 391 2847 βασιλίδος
423 2759 602 2848 ἐγκώμιον,
640 2758 775 2828 ίίνωθεν
808 2756 872 2829 ἀπὸ
905 2762 967 2828 τοῦ
998 2762 1123 2846 γένους

108 2863 305 2954 ἀρξαμένην.
352 2872 417 2956 ἔχει
447 2867 482 2936 δὲ
512 2864 602 2958 αὐτῷ
628 2863 670 2934 τὰ
698 2861 782 2955 ῦπλρ
815 2866 944 2935 τοίτων
972 2871 1032 2954 ἔπη
1061 2866 1122 2937 τὸν
1138 2895 1165 2937 ετ

105 2972 231 3061 τρόπον
257 2974 370 3043 τόνδε·

178 3295 189 3340 l
215 3285 278 3341 εἶτα
301 3293 365 3340 καλε
351 3288 445 3341 ετῦν
469 3291 545 3341 addit
563 3290 629 3342 cob.
699 3284 859 3342 4αλκίνου
884 3290 940 3340 VM
974 3280 1123 3341 Ἀλκινόον

108 3350 249 3410 θοῦκουν
267 3356 306 3423 Μ]
328 3349 436 3410 ου’κοῦν
505 3361 537 3410 12
557 3358 632 3440 φῦσι
650 3359 692 3423 Η,
709 3362 740 3408 ut
754 3357 840 3438 ρεαλο
859 3361 920 3438 post
938 3349 1122 3423 απόσγωνται

107 3427 223 3491 legitur,
248 3441 360 3547 φασιν
430 3428 462 3476 1⁷
484 3420 595 3494 ᾗόοι]η
588 3417 658 3478 ’λόσι
690 3427 695 3488 Ι
728 3419 845 3478 ουδὲΗ
802 3416 946 3542 ἑοῦτε
1015 3420 1122 3505 λθμλν

108 3496 170 3545 add
188 3495 269 3559 VM!
291 3445 615 3574 πὲλ.ΗελΟολ)]περλ
684 3486 816 3557 21αῦτῷ
858 3493 902 3544 ob.
971 3494 1004 3543 23
1024 3509 1057 3559 τη
1076 3493 1123 3544 (λε

108 3563 176 3613 levit
195 3562 260 3614 Gob
329 3566 363 3615 24
380 3552 444 3615 ἀλλ’
466 3569 531 3616 ante
550 3550 669 3615 ῦνωθεν
686 3561 748 3612 add.
766 3561 791 3613 fl
811 3567 867 3626 pet.
