<?xml version="1.0" encoding="UTF-8"?>
<!DOCTYPE html PUBLIC "-//W3C//DTD XHTML 1.0 Transitional//EN"
    "http://www.w3.org/TR/xhtml1/DTD/xhtml1-transitional.dtd">
<html xmlns="http://www.w3.org/1999/xhtml" xml:lang="en" lang="en">
 <head>
  <title>
</title>
<meta http-equiv="Content-Type" content="text/html;charset=utf-8" />
  <meta name='ocr-system' content='tesseract 3.04.00' />
  <meta name='ocr-capabilities' content='ocr_page ocr_carea ocr_par ocr_line ocrx_word'/>
</head>
<body>
  <div class='ocr_page' id='page_1' title='image "./iulianiimperato00juligoog_0102.png"; bbox 0 0 2392 3960; ppageno 0'>
   <div class='ocr_carea' id='block_1_1' title="bbox 503 174 1103 241">
    <p class='ocr_par' dir='ltr' id='par_1_1' title="bbox 503 174 1103 241">
     <span class='ocr_line' id='line_1_1' title="bbox 503 174 1103 241; baseline -0.002 -15"><span class='ocrx_word' id='word_1_1' title='bbox 503 174 640 227; x_wconf 77' lang='lat' dir='ltr'><strong>ORATIO</strong></span> <span class='ocrx_word' id='word_1_2' title='bbox 657 175 695 230; x_wconf 89' lang='lat'><strong><em>11.</em></strong></span> <span class='ocrx_word' id='word_1_3' title='bbox 1063 176 1103 241; x_wconf 78' lang='lat'><strong><em>87</em></strong></span> 
     </span>
    </p>
   </div>
   <div class='ocr_carea' id='block_1_2' title="bbox 39 297 1152 3266">
    <p class='ocr_par' dir='ltr' id='par_1_2' title="bbox 62 297 1146 1244">
     <span class='ocr_line' id='line_1_2' title="bbox 83 297 1103 395; baseline -0.002 -19"><span class='ocrx_word' id='word_1_4' title='bbox 83 307 156 387; x_wconf 77' lang='grc' dir='ltr'><strong><em>πῶς</em></strong></span> <span class='ocrx_word' id='word_1_5' title='bbox 192 302 257 393; x_wconf 84' lang='grc' dir='ltr'><strong><em>γάρ</em></strong></span> <span class='ocrx_word' id='word_1_6' title='bbox 295 300 383 384; x_wconf 82' lang='grc' dir='ltr'><strong><em>εἰκὸς</em></strong></span> <span class='ocrx_word' id='word_1_7' title='bbox 415 299 522 383; x_wconf 86' lang='grc' dir='ltr'><strong><em>οῦτως</em></strong></span> <span class='ocrx_word' id='word_1_8' title='bbox 558 297 682 390; x_wconf 85' lang='grc' dir='ltr'><strong><em>ἀγεννή</em></strong></span> <span class='ocrx_word' id='word_1_9' title='bbox 715 304 771 372; x_wconf 84' lang='grc' dir='ltr'><strong><em>καὶ</em></strong></span> <span class='ocrx_word' id='word_1_10' title='bbox 803 301 896 373; x_wconf 88' lang='grc' dir='ltr'><strong><em>δειλά</em></strong></span> <span class='ocrx_word' id='word_1_11' title='bbox 927 320 1103 395; x_wconf 79' lang='grc' dir='ltr'><strong><em>παραινεῖν</em></strong></span> 
     </span>
     <span class='ocr_line' id='line_1_3' title="bbox 85 405 1146 502; baseline 0 -20"><span class='ocrx_word' id='word_1_12' title='bbox 85 409 146 482; x_wconf 87' lang='grc' dir='ltr'><strong><em>τὸν</em></strong></span> <span class='ocrx_word' id='word_1_13' title='bbox 179 417 265 498; x_wconf 89' lang='grc' dir='ltr'><strong><em>Δία,</em></strong></span> <span class='ocrx_word' id='word_1_14' title='bbox 297 407 405 490; x_wconf 80' lang='grc' dir='ltr'><strong><em>άλλως</em></strong></span> <span class='ocrx_word' id='word_1_15' title='bbox 436 436 471 478; x_wconf 91' lang='grc' dir='ltr'><strong><em>τε</em></strong></span> <span class='ocrx_word' id='word_1_16' title='bbox 503 405 584 478; x_wconf 67' lang='grc' dir='ltr'><strong><em>οῦδὲ</em></strong></span> <span class='ocrx_word' id='word_1_17' title='bbox 616 412 807 501; x_wconf 75' lang='grc' dir='ltr'><strong><em>μαχομένῳ,</em></strong></span> <span class='ocrx_word' id='word_1_18' title='bbox 841 409 902 491; x_wconf 85' lang='grc' dir='ltr'><strong><em>ξῦν</em></strong></span> <span class='ocrx_word' id='word_1_19' title='bbox 934 415 1039 502; x_wconf 82' lang='grc' dir='ltr'><strong><em>πολλή</em></strong></span> <span class='ocrx_word' id='word_1_20' title='bbox 1067 412 1105 482; x_wconf 73' lang='grc' dir='ltr'><strong><em>δὲ</em></strong></span> <span class='ocrx_word' id='word_1_21' title='bbox 1140 436 1146 449; x_wconf 92' lang='grc'>·</span> 
     </span>
     <span class='ocr_line' id='line_1_4' title="bbox 86 510 1105 608; baseline 0.001 -21"><span class='ocrx_word' id='word_1_22' title='bbox 86 521 205 588; x_wconf 74' lang='grc' dir='ltr'><strong><em>ἑστῶτι</em></strong></span> <span class='ocrx_word' id='word_1_23' title='bbox 233 515 404 608; x_wconf 78' lang='grc' dir='ltr'><strong><em>ρηιστοόνη;</em></strong></span> <span class='ocrx_word' id='word_1_24' title='bbox 433 516 489 585; x_wconf 83' lang='grc' dir='ltr'><strong><em>καὶ</em></strong></span> <span class='ocrx_word' id='word_1_25' title='bbox 517 510 661 602; x_wconf 80' lang='grc' dir='ltr'><strong><em>ὁπηνίκα</em></strong></span> <span class='ocrx_word' id='word_1_26' title='bbox 689 512 763 585; x_wconf 67' lang='grc' dir='ltr'><strong><em>δὲὸ</em></strong></span> <span class='ocrx_word' id='word_1_27' title='bbox 791 520 853 586; x_wconf 92' lang='grc' dir='ltr'><strong><em>τοῦ</em></strong></span> <span class='ocrx_word' id='word_1_28' title='bbox 876 520 1019 606; x_wconf 89' lang='grc' dir='ltr'><strong><em>Τυδέως,</em></strong></span> <span class='ocrx_word' id='word_1_29' title='bbox 1046 521 1105 607; x_wconf 85' lang='grc' dir='ltr'><strong><em>τής</em></strong></span> 
     </span>
     <span class='ocr_line' id='line_1_5' title="bbox 85 619 1105 713; baseline 0 -19"><span class='ocrx_word' id='word_1_30' title='bbox 85 621 232 712; x_wconf 77' lang='grc' dir='ltr'><strong><em>Ἀθηνᾶς</em></strong></span> <span class='ocrx_word' id='word_1_31' title='bbox 259 621 387 710; x_wconf 85' lang='grc' dir='ltr'><strong><em>πολλὴν</em></strong></span> <span class='ocrx_word' id='word_1_32' title='bbox 415 624 450 691; x_wconf 85' lang='grc' dir='ltr'><strong><em>ἐκ</em></strong></span> <span class='ocrx_word' id='word_1_33' title='bbox 477 625 540 691; x_wconf 92' lang='grc' dir='ltr'><strong><em>τοῦ</em></strong></span> <span class='ocrx_word' id='word_1_34' title='bbox 570 621 716 711; x_wconf 79' lang='grc' dir='ltr'><strong><em>κράνους</em></strong></span> <span class='ocrx_word' id='word_1_35' title='bbox 744 619 957 713; x_wconf 88' lang='grc' dir='ltr'><strong><em>ἀναπτούσης</em></strong></span> <span class='ocrx_word' id='word_1_36' title='bbox 985 625 1105 713; x_wconf 92' lang='grc' dir='ltr'><strong><em>φλόγα,</em></strong></span> 
     </span>
     <span class='ocr_line' id='line_1_6' title="bbox 62 727 1104 818; baseline 0.002 -20"><span class='ocrx_word' id='word_1_37' title='bbox 62 729 235 811; x_wconf 83' lang='grc' dir='ltr'><strong><em>ιπολλοῦς</em></strong></span> <span class='ocrx_word' id='word_1_38' title='bbox 262 729 323 816; x_wconf 72' lang='grc' dir='ltr'><strong><em>μὲν</em></strong></span> <span class='ocrx_word' id='word_1_39' title='bbox 351 735 484 815; x_wconf 83' lang='grc' dir='ltr'><strong><em>ἔκτεινε,</em></strong></span> <span class='ocrx_word' id='word_1_40' title='bbox 512 728 652 816; x_wconf 81' lang='grc' dir='ltr'><strong><em>φεύγειν</em></strong></span> <span class='ocrx_word' id='word_1_41' title='bbox 670 728 707 797; x_wconf 71' lang='grc' dir='ltr'><strong><em>δέ</em></strong></span> <span class='ocrx_word' id='word_1_42' title='bbox 726 727 888 818; x_wconf 83' lang='grc' dir='ltr'><strong><em>ήνάγκαζε</em></strong></span> <span class='ocrx_word' id='word_1_43' title='bbox 915 729 995 814; x_wconf 88' lang='grc' dir='ltr'><strong><em>τούς</em></strong></span> <span class='ocrx_word' id='word_1_44' title='bbox 1022 727 1104 800; x_wconf 86' lang='grc' dir='ltr'><strong><em>ύπο-</em></strong></span> 
     </span>
     <span class='ocr_line' id='line_1_7' title="bbox 87 832 1145 926; baseline 0 -20"><span class='ocrx_word' id='word_1_45' title='bbox 87 839 264 926; x_wconf 84' lang='grc' dir='ltr'><strong><em>μένοντας,</em></strong></span> <span class='ocrx_word' id='word_1_46' title='bbox 301 835 416 925; x_wconf 89' lang='grc' dir='ltr'><strong><em>πόρρω</em></strong></span> <span class='ocrx_word' id='word_1_47' title='bbox 453 862 488 904; x_wconf 88' lang='grc' dir='ltr'><strong><em>τε</em></strong></span> <span class='ocrx_word' id='word_1_48' title='bbox 524 832 716 923; x_wconf 79' lang='grc' dir='ltr'><strong><em>ἀφειστήκει</em></strong></span> <span class='ocrx_word' id='word_1_49' title='bbox 752 839 813 904; x_wconf 89' lang='grc' dir='ltr'><strong><em>τοῦ</em></strong></span> <span class='ocrx_word' id='word_1_50' title='bbox 849 839 1010 925; x_wconf 90' lang='grc' dir='ltr'><strong><em>πολέμου,</em></strong></span> <span class='ocrx_word' id='word_1_51' title='bbox 1047 840 1145 907; x_wconf 82' lang='grc' dir='ltr'><strong><em>καὶΒ</em></strong></span> 
     </span>
     <span class='ocr_line' id='line_1_8' title="bbox 85 937 1106 1032; baseline -0.001 -19"><span class='ocrx_word' id='word_1_52' title='bbox 85 940 195 1014; x_wconf 84' lang='grc' dir='ltr'><strong><em>πολλά</em></strong></span> <span class='ocrx_word' id='word_1_53' title='bbox 226 937 406 1030; x_wconf 82' lang='grc' dir='ltr'><strong><em>ὑπομένων</em></strong></span> <span class='ocrx_word' id='word_1_54' title='bbox 438 938 552 1030; x_wconf 89' lang='grc' dir='ltr'><strong><em>ὀνείδη</em></strong></span> <span class='ocrx_word' id='word_1_55' title='bbox 586 937 719 1028; x_wconf 88' lang='grc' dir='ltr'><strong><em>ἀπέγνω</em></strong></span> <span class='ocrx_word' id='word_1_56' title='bbox 752 941 813 1029; x_wconf 72' lang='grc' dir='ltr'><strong><em>μέν</em></strong></span> <span class='ocrx_word' id='word_1_57' title='bbox 845 947 1005 1032; x_wconf 82' lang='grc' dir='ltr'><strong><em>κρατοῦσι</em></strong></span> <span class='ocrx_word' id='word_1_58' title='bbox 1035 959 1106 1026; x_wconf 90' lang='grc' dir='ltr'><strong><em>τοῖς</em></strong></span> 
     </span>
     <span class='ocr_line' id='line_1_9' title="bbox 86 1045 1104 1139; baseline 0.002 -21"><span class='ocrx_word' id='word_1_59' title='bbox 86 1045 228 1139; x_wconf 78' lang='grc' dir='ltr'><strong><em>Ἀχαιοῖς</em></strong></span> <span class='ocrx_word' id='word_1_60' title='bbox 255 1046 466 1135; x_wconf 74' lang='grc' dir='ltr'><strong><em>ἀντιστῆναι,</em></strong></span> <span class='ocrx_word' id='word_1_61' title='bbox 493 1045 640 1138; x_wconf 80' lang='grc' dir='ltr'><strong><em>εὐπρεπῆ</em></strong></span> <span class='ocrx_word' id='word_1_62' title='bbox 669 1047 707 1116; x_wconf 72' lang='grc' dir='ltr'><strong><em>δὲ</em></strong></span> <span class='ocrx_word' id='word_1_63' title='bbox 733 1063 875 1118; x_wconf 90' lang='grc' dir='ltr'><strong><em>ποιεῖται</em></strong></span> <span class='ocrx_word' id='word_1_64' title='bbox 902 1048 964 1138; x_wconf 86' lang='grc' dir='ltr'><strong><em>τήν</em></strong></span> <span class='ocrx_word' id='word_1_65' title='bbox 992 1055 1040 1132; x_wconf 88' lang='grc' dir='ltr'><strong><em>είς</em></strong></span> <span class='ocrx_word' id='word_1_66' title='bbox 1067 1049 1104 1120; x_wconf 86' lang='grc' dir='ltr'><strong><em>τὸ</em></strong></span> 
     </span>
     <span class='ocr_line' id='line_1_10' title="bbox 90 1150 1105 1244; baseline 0.001 -19"><span class='ocrx_word' id='word_1_67' title='bbox 90 1154 174 1225; x_wconf 84' lang='grc' dir='ltr'><strong><em>άστυ</em></strong></span> <span class='ocrx_word' id='word_1_68' title='bbox 202 1161 358 1244; x_wconf 86' lang='grc' dir='ltr'><strong><em>πορείαν,</em></strong></span> <span class='ocrx_word' id='word_1_69' title='bbox 387 1150 432 1235; x_wconf 77' lang='grc' dir='ltr'><strong><em>ως</em></strong></span> <span class='ocrx_word' id='word_1_70' title='bbox 459 1157 499 1244; x_wconf 81' lang='grc' dir='ltr'><strong><em>τή</em></strong></span> <span class='ocrx_word' id='word_1_71' title='bbox 528 1156 626 1243; x_wconf 81' lang='grc' dir='ltr'><strong><em>μητρὶ</em></strong></span> <span class='ocrx_word' id='word_1_72' title='bbox 654 1158 867 1244; x_wconf 86' lang='grc' dir='ltr'><strong><em>παραινέσων</em></strong></span> <span class='ocrx_word' id='word_1_73' title='bbox 895 1159 1105 1237; x_wconf 75' lang='grc' dir='ltr'><strong><em>έξιλεοῦσθαι</em></strong></span> 
     </span>
    </p>

    <p class='ocr_par' dir='ltr' id='par_1_3' title="bbox 54 1258 1146 1779">
     <span class='ocr_line' id='line_1_11' title="bbox 54 1258 1104 1352; baseline 0.005 -25"><span class='ocrx_word' id='word_1_74' title='bbox 54 1288 77 1328; x_wconf 81' lang='grc' dir='ltr'><strong><em>ιο</em></strong></span> <span class='ocrx_word' id='word_1_75' title='bbox 89 1261 150 1352; x_wconf 86' lang='grc' dir='ltr'><strong><em>τήν</em></strong></span> <span class='ocrx_word' id='word_1_76' title='bbox 176 1259 327 1349; x_wconf 77' lang='grc' dir='ltr'><strong><em>Ἀθηνάν</em></strong></span> <span class='ocrx_word' id='word_1_77' title='bbox 355 1258 521 1349; x_wconf 76' lang='grc' dir='ltr'><strong><em>μετὰτῶν</em></strong></span> <span class='ocrx_word' id='word_1_78' title='bbox 552 1261 731 1350; x_wconf 89' lang='grc' dir='ltr'><strong><em>Τρωάδων.</em></strong></span> <span class='ocrx_word' id='word_1_79' title='bbox 772 1269 880 1331; x_wconf 89' lang='grc' dir='ltr'><strong><em>καίτοι</em></strong></span> <span class='ocrx_word' id='word_1_80' title='bbox 908 1268 940 1331; x_wconf 85' lang='grc' dir='ltr'><strong><em>εί</em></strong></span> <span class='ocrx_word' id='word_1_81' title='bbox 965 1263 1026 1351; x_wconf 67' lang='grc' dir='ltr'><strong><em>μὲν</em></strong></span> <span class='ocrx_word' id='word_1_82' title='bbox 1045 1261 1104 1332; x_wconf 86' lang='grc' dir='ltr'><strong><em>αύ-</em></strong></span> 
     </span>
     <span class='ocr_line' id='line_1_12' title="bbox 88 1365 1106 1460; baseline 0.001 -23"><span class='ocrx_word' id='word_1_83' title='bbox 88 1368 145 1450; x_wconf 87' lang='grc' dir='ltr'><strong><em>τὸς</em></strong></span> <span class='ocrx_word' id='word_1_84' title='bbox 178 1369 302 1437; x_wconf 79' lang='grc' dir='ltr'><strong><em>ἱκέτευε</em></strong></span> <span class='ocrx_word' id='word_1_85' title='bbox 334 1366 398 1456; x_wconf 85' lang='grc' dir='ltr'><strong><em>πρὸ</em></strong></span> <span class='ocrx_word' id='word_1_86' title='bbox 431 1370 493 1436; x_wconf 88' lang='grc' dir='ltr'><strong><em>τοῦ</em></strong></span> <span class='ocrx_word' id='word_1_87' title='bbox 525 1365 591 1436; x_wconf 78' lang='grc' dir='ltr'><strong><em>νεὼ</em></strong></span> <span class='ocrx_word' id='word_1_88' title='bbox 625 1365 686 1448; x_wconf 86' lang='grc' dir='ltr'><strong><em>ξύν</em></strong></span> <span class='ocrx_word' id='word_1_89' title='bbox 717 1371 758 1457; x_wconf 76' lang='grc' dir='ltr'><strong><em>τῇ</em></strong></span> <span class='ocrx_word' id='word_1_90' title='bbox 789 1376 964 1460; x_wconf 78' lang='grc' dir='ltr'><strong><em>γερουσίᾳ,</em></strong></span> <span class='ocrx_word' id='word_1_91' title='bbox 996 1367 1106 1438; x_wconf 91' lang='grc' dir='ltr'><strong><em>πολύν</em></strong></span> 
     </span>
     <span class='ocr_line' id='line_1_13' title="bbox 89 1472 1106 1566; baseline 0.001 -22"><span class='ocrx_word' id='word_1_92' title='bbox 89 1472 162 1564; x_wconf 84' lang='grc' dir='ltr'><strong><em>(ἀν)</em></strong></span> <span class='ocrx_word' id='word_1_93' title='bbox 191 1472 258 1562; x_wconf 82' lang='grc' dir='ltr'><strong><em>εἶχε</em></strong></span> <span class='ocrx_word' id='word_1_94' title='bbox 284 1473 398 1560; x_wconf 89' lang='grc' dir='ltr'><strong><em>λόγον’</em></strong></span> <span class='ocrx_word' id='word_1_95' title='bbox 432 1474 592 1565; x_wconf 90' lang='grc' dir='ltr'><strong><em>προσήκει</em></strong></span> <span class='ocrx_word' id='word_1_96' title='bbox 619 1472 684 1563; x_wconf 83' lang='grc' dir='ltr'><strong><em>γὰρ</em></strong></span> <span class='ocrx_word' id='word_1_97' title='bbox 713 1473 805 1562; x_wconf 81' lang='grc' dir='ltr'><strong><em>οἶμαι</em></strong></span> <span class='ocrx_word' id='word_1_98' title='bbox 831 1473 892 1545; x_wconf 89' lang='grc' dir='ltr'><strong><em>τὸν</em></strong></span> <span class='ocrx_word' id='word_1_99' title='bbox 919 1474 1106 1566; x_wconf 86' lang='grc' dir='ltr'><strong><em>στρατηγὸν</em></strong></span> 
     </span>
     <span class='ocr_line' id='line_1_14' title="bbox 88 1577 1106 1672; baseline 0.002 -23"><span class='ocrx_word' id='word_1_100' title='bbox 88 1577 109 1670; x_wconf 84' lang='grc' dir='ltr'><strong><em>ή</em></strong></span> <span class='ocrx_word' id='word_1_101' title='bbox 137 1581 277 1669; x_wconf 80' lang='grc' dir='ltr'><strong><em>βασιλέα</em></strong></span> <span class='ocrx_word' id='word_1_102' title='bbox 304 1579 456 1670; x_wconf 83' lang='grc' dir='ltr'><strong><em>καθάπερ</em></strong></span> <span class='ocrx_word' id='word_1_103' title='bbox 491 1581 579 1671; x_wconf 79' lang='grc' dir='ltr'><strong><em>ίερέα</em></strong></span> <span class='ocrx_word' id='word_1_104' title='bbox 611 1581 667 1649; x_wconf 81' lang='grc' dir='ltr'><strong><em>καὶ</em></strong></span> <span class='ocrx_word' id='word_1_105' title='bbox 694 1581 872 1670; x_wconf 75' lang='grc' dir='ltr'><strong><em>προφήτην</em></strong></span> <span class='ocrx_word' id='word_1_106' title='bbox 904 1582 1106 1672; x_wconf 81' lang='grc' dir='ltr'><strong><em>θεραπεύειν</em></strong></span> 
     </span>
     <span class='ocr_line' id='line_1_15' title="bbox 88 1684 1146 1779; baseline 0.001 -23"><span class='ocrx_word' id='word_1_107' title='bbox 88 1685 140 1757; x_wconf 84' lang='grc' dir='ltr'><strong><em>ἀεὶ</em></strong></span> <span class='ocrx_word' id='word_1_108' title='bbox 169 1685 232 1770; x_wconf 82' lang='grc' dir='ltr'><strong><em>ξῦν</em></strong></span> <span class='ocrx_word' id='word_1_109' title='bbox 259 1686 372 1779; x_wconf 78' lang='grc' dir='ltr'><strong><em>κόσμῳ</em></strong></span> <span class='ocrx_word' id='word_1_110' title='bbox 399 1684 460 1757; x_wconf 88' lang='grc' dir='ltr'><strong><em>τὸν</em></strong></span> <span class='ocrx_word' id='word_1_111' title='bbox 487 1685 573 1756; x_wconf 75' lang='grc' dir='ltr'><strong><em>θεὸν</em></strong></span> <span class='ocrx_word' id='word_1_112' title='bbox 598 1688 655 1755; x_wconf 81' lang='grc' dir='ltr'><strong><em>καὶ</em></strong></span> <span class='ocrx_word' id='word_1_113' title='bbox 682 1687 787 1776; x_wconf 73' lang='grc' dir='ltr'><strong><em>μηδὲν</em></strong></span> <span class='ocrx_word' id='word_1_114' title='bbox 820 1685 995 1778; x_wconf 78' lang='grc' dir='ltr'><strong><em>ὀλιγωρεῖν</em></strong></span> <span class='ocrx_word' id='word_1_115' title='bbox 1023 1688 1146 1777; x_wconf 71' lang='grc' dir='ltr'><strong><em>μηδέῦ</em></strong></span> 
     </span>
    </p>

    <p class='ocr_par' dir='ltr' id='par_1_4' title="bbox 48 1789 1106 1989">
     <span class='ocr_line' id='line_1_16' title="bbox 48 1789 1106 1886; baseline 0.003 -25"><span class='ocrx_word' id='word_1_116' title='bbox 48 1817 75 1861; x_wconf 80' lang='grc' dir='ltr'><strong><em>ω</em></strong></span> <span class='ocrx_word' id='word_1_117' title='bbox 88 1796 189 1886; x_wconf 84' lang='grc' dir='ltr'><strong><em>έτέρφ</em></strong></span> <span class='ocrx_word' id='word_1_118' title='bbox 223 1796 350 1881; x_wconf 87' lang='grc' dir='ltr'><strong><em>μάλλον</em></strong></span> <span class='ocrx_word' id='word_1_119' title='bbox 381 1792 563 1884; x_wconf 81' lang='grc' dir='ltr'><strong><em>προσήκειν</em></strong></span> <span class='ocrx_word' id='word_1_120' title='bbox 599 1789 756 1881; x_wconf 77' lang='grc' dir='ltr'><strong><em>ήγεῖσθαι</em></strong></span> <span class='ocrx_word' id='word_1_121' title='bbox 793 1794 876 1882; x_wconf 72' lang='grc' dir='ltr'><strong><em>μηδὲ</em></strong></span> <span class='ocrx_word' id='word_1_122' title='bbox 909 1796 1106 1885; x_wconf 78' lang='grc' dir='ltr'><strong><em>ἐπιτρέπειν,</em></strong></span> 
     </span>
     <span class='ocr_line' id='line_1_17' title="bbox 87 1895 860 1989; baseline -0.003 -19"><span class='ocrx_word' id='word_1_123' title='bbox 87 1898 230 1982; x_wconf 82' lang='grc' dir='ltr'><strong><em>ἀνάξιον</em></strong></span> <span class='ocrx_word' id='word_1_124' title='bbox 258 1895 364 1968; x_wconf 82' lang='grc' dir='ltr'><strong><em>αὑτοῦ</em></strong></span> <span class='ocrx_word' id='word_1_125' title='bbox 391 1905 569 1987; x_wconf 75' lang='grc' dir='ltr'><strong><em>νομίζοντα</em></strong></span> <span class='ocrx_word' id='word_1_126' title='bbox 596 1898 633 1968; x_wconf 89' lang='grc' dir='ltr'><strong><em>τὸ</em></strong></span> <span class='ocrx_word' id='word_1_127' title='bbox 663 1899 860 1989; x_wconf 89' lang='grc' dir='ltr'><strong><em>διακόνημα.</em></strong></span> 
     </span>
    </p>

    <p class='ocr_par' dir='ltr' id='par_1_5' title="bbox 89 2003 1109 2309">
     <span class='ocr_line' id='line_1_18' title="bbox 174 2003 1107 2096; baseline 0.003 -23"><span class='ocrx_word' id='word_1_128' title='bbox 174 2004 276 2095; x_wconf 79' lang='grc' dir='ltr'><strong><em>Οἶμαι</em></strong></span> <span class='ocrx_word' id='word_1_129' title='bbox 295 2004 358 2096; x_wconf 80' lang='grc' dir='ltr'><strong><em>γάρ</em></strong></span> <span class='ocrx_word' id='word_1_130' title='bbox 377 2003 440 2093; x_wconf 88' lang='grc' dir='ltr'><strong><em>τήν</em></strong></span> <span class='ocrx_word' id='word_1_131' title='bbox 456 2005 640 2086; x_wconf 86' lang='grc' dir='ltr'><strong><em>Πλάτωνος</em></strong></span> <span class='ocrx_word' id='word_1_132' title='bbox 658 2004 759 2096; x_wconf 82' lang='grc' dir='ltr'><strong><em>μικρά</em></strong></span> <span class='ocrx_word' id='word_1_133' title='bbox 777 2009 990 2096; x_wconf 79' lang='grc' dir='ltr'><strong><em>παρατρέψας</em></strong></span> <span class='ocrx_word' id='word_1_134' title='bbox 1018 2008 1107 2088; x_wconf 83' lang='grc' dir='ltr'><strong><em>λέξιν</em></strong></span> 
     </span>
     <span class='ocr_line' id='line_1_19' title="bbox 89 2107 1107 2204; baseline -0.002 -22"><span class='ocrx_word' id='word_1_135' title='bbox 89 2109 153 2201; x_wconf 80' lang='grc' dir='ltr'><strong><em>ούχ</em></strong></span> <span class='ocrx_word' id='word_1_136' title='bbox 181 2107 444 2202; x_wconf 77' lang='grc' dir='ltr'><strong><em>ἁμαρτήσεσθαι,</em></strong></span> <span class='ocrx_word' id='word_1_137' title='bbox 473 2109 518 2194; x_wconf 77' lang='grc' dir='ltr'><strong><em>ὡς</em></strong></span> <span class='ocrx_word' id='word_1_138' title='bbox 536 2109 601 2204; x_wconf 84' lang='grc' dir='ltr'><strong><em>ότφ</em></strong></span> <span class='ocrx_word' id='word_1_139' title='bbox 622 2109 734 2202; x_wconf 87' lang='grc' dir='ltr'><strong><em>ἀνδρί,</em></strong></span> <span class='ocrx_word' id='word_1_140' title='bbox 761 2115 888 2200; x_wconf 84' lang='grc' dir='ltr'><strong><em>μάλλον</em></strong></span> <span class='ocrx_word' id='word_1_141' title='bbox 911 2112 949 2181; x_wconf 73' lang='grc' dir='ltr'><strong><em>δὲ</em></strong></span> <span class='ocrx_word' id='word_1_142' title='bbox 968 2119 1107 2200; x_wconf 77' lang='grc' dir='ltr'><strong><em>βασιλεῖ,</em></strong></span> 
     </span>
     <span class='ocr_line' id='line_1_20' title="bbox 89 2214 1109 2309; baseline -0.001 -21"><span class='ocrx_word' id='word_1_143' title='bbox 89 2223 124 2301; x_wconf 81' lang='grc' dir='ltr'><strong><em>ἐς</em></strong></span> <span class='ocrx_word' id='word_1_144' title='bbox 152 2218 213 2288; x_wconf 90' lang='grc' dir='ltr'><strong><em>τὸν</em></strong></span> <span class='ocrx_word' id='word_1_145' title='bbox 239 2216 324 2287; x_wconf 75' lang='grc' dir='ltr'><strong><em>θεὸν</em></strong></span> <span class='ocrx_word' id='word_1_146' title='bbox 357 2216 538 2309; x_wconf 76' lang='grc' dir='ltr'><strong><em>ἀνήρτηται</em></strong></span> <span class='ocrx_word' id='word_1_147' title='bbox 565 2219 673 2287; x_wconf 89' lang='grc' dir='ltr'><strong><em>πάντα</em></strong></span> <span class='ocrx_word' id='word_1_148' title='bbox 705 2216 746 2287; x_wconf 84' lang='grc' dir='ltr'><strong><em>τά</em></strong></span> <span class='ocrx_word' id='word_1_149' title='bbox 773 2217 856 2308; x_wconf 90' lang='grc' dir='ltr'><strong><em>πρὸς</em></strong></span> <span class='ocrx_word' id='word_1_150' title='bbox 888 2214 1109 2306; x_wconf 75' lang='grc' dir='ltr'><strong><em>εὐδαιμονίαν</em></strong></span> 
     </span>
    </p>

    <p class='ocr_par' dir='ltr' id='par_1_6' title="bbox 39 2321 1108 2522">
     <span class='ocr_line' id='line_1_21' title="bbox 39 2321 1108 2415; baseline -0.003 -20"><span class='ocrx_word' id='word_1_151' title='bbox 39 2353 74 2395; x_wconf 70' lang='grc' dir='ltr'><strong><em>ιο</em></strong></span> <span class='ocrx_word' id='word_1_152' title='bbox 89 2326 241 2414; x_wconf 89' lang='grc' dir='ltr'><strong><em>φέροντα</em></strong></span> <span class='ocrx_word' id='word_1_153' title='bbox 268 2326 324 2393; x_wconf 83' lang='grc' dir='ltr'><strong><em>καὶ</em></strong></span> <span class='ocrx_word' id='word_1_154' title='bbox 351 2323 395 2413; x_wconf 86' lang='grc' dir='ltr'><strong><em>μή</em></strong></span> <span class='ocrx_word' id='word_1_155' title='bbox 424 2327 461 2393; x_wconf 86' lang='grc' dir='ltr'><strong><em>έν</em></strong></span> <span class='ocrx_word' id='word_1_156' title='bbox 494 2323 606 2407; x_wconf 85' lang='grc' dir='ltr'><strong><em>ἀλλοις</em></strong></span> <span class='ocrx_word' id='word_1_157' title='bbox 637 2321 832 2415; x_wconf 72' lang='grc' dir='ltr'><strong><em>ἀνθρώποις</em></strong></span> <span class='ocrx_word' id='word_1_158' title='bbox 858 2331 1042 2414; x_wconf 79' lang='grc' dir='ltr'><strong><em>αἰωρεῖται,</em></strong></span> <span class='ocrx_word' id='word_1_159' title='bbox 1075 2327 1108 2406; x_wconf 80' lang='grc' dir='ltr'><strong><em>ἐξ</em></strong></span> 
     </span>
     <span class='ocr_line' id='line_1_22' title="bbox 90 2423 1108 2522; baseline -0.001 -22"><span class='ocrx_word' id='word_1_160' title='bbox 90 2423 142 2500; x_wconf 71' lang='grc' dir='ltr'><strong><em>νῦν</em></strong></span> <span class='ocrx_word' id='word_1_161' title='bbox 174 2423 212 2500; x_wconf 90' lang='grc' dir='ltr'><strong><em>εῦ</em></strong></span> <span class='ocrx_word' id='word_1_162' title='bbox 239 2426 260 2519; x_wconf 83' lang='grc' dir='ltr'><strong><em>ή</em></strong></span> <span class='ocrx_word' id='word_1_163' title='bbox 293 2434 403 2512; x_wconf 74' lang='grc' dir='ltr'><strong><em>κακῶς</em></strong></span> <span class='ocrx_word' id='word_1_164' title='bbox 434 2431 633 2522; x_wconf 82' lang='grc' dir='ltr'><strong><em>πραξάντων</em></strong></span> <span class='ocrx_word' id='word_1_165' title='bbox 664 2434 858 2500; x_wconf 77' lang='grc' dir='ltr'><strong><em>πλανᾶσθαι</em></strong></span> <span class='ocrx_word' id='word_1_166' title='bbox 891 2428 1108 2517; x_wconf 79' lang='grc' dir='ltr'><strong><em>ἀναγκάζεται</em></strong></span> 
     </span>
    </p>

    <p class='ocr_par' dir='ltr' id='par_1_7' title="bbox 56 2534 1152 2842">
     <span class='ocr_line' id='line_1_23' title="bbox 56 2534 1152 2630; baseline -0.002 -23"><span class='ocrx_word' id='word_1_167' title='bbox 56 2619 61 2625; x_wconf 42' lang='grc'><strong><em>,</em></strong></span> <span class='ocrx_word' id='word_1_168' title='bbox 90 2535 194 2618; x_wconf 85' lang='grc' dir='ltr'><strong><em>αύτδς</em></strong></span> <span class='ocrx_word' id='word_1_169' title='bbox 222 2538 277 2605; x_wconf 85' lang='grc' dir='ltr'><strong><em>καὶ</em></strong></span> <span class='ocrx_word' id='word_1_170' title='bbox 305 2534 345 2606; x_wconf 85' lang='grc' dir='ltr'><strong><em>τά</em></strong></span> <span class='ocrx_word' id='word_1_171' title='bbox 373 2541 504 2607; x_wconf 80' lang='grc' dir='ltr'><strong><em>ἐκείνου</em></strong></span> <span class='ocrx_word' id='word_1_172' title='bbox 521 2538 708 2628; x_wconf 89' lang='grc' dir='ltr'><strong><em>πράγματα,</em></strong></span> <span class='ocrx_word' id='word_1_173' title='bbox 735 2537 843 2630; x_wconf 76' lang='grc' dir='ltr'><strong><em>τούτῳ</em></strong></span> <span class='ocrx_word' id='word_1_174' title='bbox 863 2535 981 2629; x_wconf 85' lang='grc' dir='ltr'><strong><em>ἀριστα</em></strong></span> <span class='ocrx_word' id='word_1_175' title='bbox 1008 2550 1152 2627; x_wconf 86' lang='grc' dir='ltr'><strong><em>παρε-Ι)</em></strong></span> 
     </span>
     <span class='ocr_line' id='line_1_24' title="bbox 90 2642 1108 2735; baseline -0.001 -22"><span class='ocrx_word' id='word_1_176' title='bbox 90 2643 272 2713; x_wconf 89' lang='grc' dir='ltr'><strong><em>σκεύασται</em></strong></span> <span class='ocrx_word' id='word_1_177' title='bbox 289 2642 373 2734; x_wconf 87' lang='grc' dir='ltr'><strong><em>πρὸς</em></strong></span> <span class='ocrx_word' id='word_1_178' title='bbox 390 2643 428 2713; x_wconf 91' lang='grc' dir='ltr'><strong><em>τὸ</em></strong></span> <span class='ocrx_word' id='word_1_179' title='bbox 449 2647 516 2732; x_wconf 83' lang='grc' dir='ltr'><strong><em>ζήν.</em></strong></span> <span class='ocrx_word' id='word_1_180' title='bbox 553 2649 585 2712; x_wconf 88' lang='grc' dir='ltr'><strong><em>εί</em></strong></span> <span class='ocrx_word' id='word_1_181' title='bbox 602 2644 639 2713; x_wconf 73' lang='grc' dir='ltr'><strong><em>δέ</em></strong></span> <span class='ocrx_word' id='word_1_182' title='bbox 667 2645 833 2734; x_wconf 83' lang='grc' dir='ltr'><strong><em>ἐπιτρέποι</em></strong></span> <span class='ocrx_word' id='word_1_183' title='bbox 861 2646 977 2732; x_wconf 86' lang='grc' dir='ltr'><strong><em>μηδεὶς</em></strong></span> <span class='ocrx_word' id='word_1_184' title='bbox 1003 2669 1108 2735; x_wconf 90' lang='grc' dir='ltr'><strong><em>παρα-</em></strong></span> 
     </span>
     <span class='ocr_line' id='line_1_25' title="bbox 90 2747 1109 2842; baseline -0.001 -23"><span class='ocrx_word' id='word_1_185' title='bbox 90 2751 236 2841; x_wconf 88' lang='grc' dir='ltr'><strong><em>γράφειν</em></strong></span> <span class='ocrx_word' id='word_1_186' title='bbox 263 2749 347 2838; x_wconf 70' lang='grc' dir='ltr'><strong><em>μηδέ</em></strong></span> <span class='ocrx_word' id='word_1_187' title='bbox 364 2751 533 2842; x_wconf 82' lang='grc' dir='ltr'><strong><em>ἐκτρέπειν</em></strong></span> <span class='ocrx_word' id='word_1_188' title='bbox 551 2750 635 2839; x_wconf 70' lang='grc' dir='ltr'><strong><em>μηδὲ</em></strong></span> <span class='ocrx_word' id='word_1_189' title='bbox 662 2750 925 2842; x_wconf 84' lang='grc' dir='ltr'><strong><em>μεταλαμβάνειν</em></strong></span> <span class='ocrx_word' id='word_1_190' title='bbox 948 2747 1109 2837; x_wconf 87' lang='grc' dir='ltr'><strong><em>τούνομα,</em></strong></span> 
     </span>
    </p>

    <p class='ocr_par' dir='ltr' id='par_1_8' title="bbox 45 2852 1111 3266">
     <span class='ocr_line' id='line_1_26' title="bbox 45 2852 1109 2947; baseline -0.002 -20"><span class='ocrx_word' id='word_1_191' title='bbox 45 2882 78 2927; x_wconf 75' lang='lat'><strong><em>8⁵</em></strong></span> <span class='ocrx_word' id='word_1_192' title='bbox 91 2854 177 2926; x_wconf 85' lang='grc' dir='ltr'><strong><em>ἀλλά</em></strong></span> <span class='ocrx_word' id='word_1_193' title='bbox 205 2853 316 2946; x_wconf 74' lang='grc' dir='ltr'><strong><em>ὥσπερ</em></strong></span> <span class='ocrx_word' id='word_1_194' title='bbox 345 2855 437 2947; x_wconf 86' lang='grc' dir='ltr'><strong><em>ίερόν</em></strong></span> <span class='ocrx_word' id='word_1_195' title='bbox 456 2854 596 2947; x_wconf 87' lang='grc' dir='ltr'><strong><em>ἀρχαῖον</em></strong></span> <span class='ocrx_word' id='word_1_196' title='bbox 618 2857 747 2926; x_wconf 85' lang='grc' dir='ltr'><strong><em>κελεύοι</em></strong></span> <span class='ocrx_word' id='word_1_197' title='bbox 775 2859 888 2944; x_wconf 89' lang='grc' dir='ltr'><strong><em>μένειν</em></strong></span> <span class='ocrx_word' id='word_1_198' title='bbox 907 2860 966 2926; x_wconf 84' lang='grc' dir='ltr'><strong><em>έάν</em></strong></span> <span class='ocrx_word' id='word_1_199' title='bbox 994 2852 1109 2944; x_wconf 90' lang='grc' dir='ltr'><strong><em>ἀκίνη-</em></strong></span> 
     </span>
     <span class='ocr_line' id='line_1_27' title="bbox 90 2959 1110 3050; baseline -0.002 -18"><span class='ocrx_word' id='word_1_200' title='bbox 90 2990 167 3050; x_wconf 85' lang='grc' dir='ltr'><strong><em>τον,</em></strong></span> <span class='ocrx_word' id='word_1_201' title='bbox 206 2959 288 3032; x_wconf 69' lang='grc' dir='ltr'><strong><em>οῦδὲ</em></strong></span> <span class='ocrx_word' id='word_1_202' title='bbox 325 2960 431 3045; x_wconf 80' lang='grc' dir='ltr'><strong><em>οὕτως</em></strong></span> <span class='ocrx_word' id='word_1_203' title='bbox 466 2961 546 3032; x_wconf 87' lang='grc' dir='ltr'><strong><em>ἀλλο</em></strong></span> <span class='ocrx_word' id='word_1_204' title='bbox 582 2990 615 3033; x_wconf 91' lang='grc' dir='ltr'><strong><em>τι</em></strong></span> <span class='ocrx_word' id='word_1_205' title='bbox 656 2968 867 3033; x_wconf 80' lang='grc' dir='ltr'><strong><em>διανοεῖσθαι</em></strong></span> <span class='ocrx_word' id='word_1_206' title='bbox 902 2961 963 3032; x_wconf 91' lang='grc' dir='ltr'><strong><em>τὸν</em></strong></span> <span class='ocrx_word' id='word_1_207' title='bbox 1000 2962 1110 3050; x_wconf 88' lang='grc' dir='ltr'><strong><em>σοφὸν</em></strong></span> 
     </span>
     <span class='ocr_line' id='line_1_28' title="bbox 93 3066 1111 3160; baseline -0.001 -22"><span class='ocrx_word' id='word_1_208' title='bbox 93 3072 246 3160; x_wconf 83' lang='grc' dir='ltr'><strong><em>ἐροῦμεν.</em></strong></span> <span class='ocrx_word' id='word_1_209' title='bbox 289 3067 327 3138; x_wconf 88' lang='grc' dir='ltr'><strong><em>τὸ</em></strong></span> <span class='ocrx_word' id='word_1_210' title='bbox 356 3068 420 3160; x_wconf 82' lang='grc' dir='ltr'><strong><em>γάρ</em></strong></span> <span class='ocrx_word' id='word_1_211' title='bbox 449 3073 592 3139; x_wconf 84' lang='grc' dir='ltr'><strong><em>σεαυτοῦ</em></strong></span> <span class='ocrx_word' id='word_1_212' title='bbox 621 3066 663 3138; x_wconf 93' lang='grc' dir='ltr'><strong><em>ού</em></strong></span> <span class='ocrx_word' id='word_1_213' title='bbox 687 3070 797 3157; x_wconf 92' lang='grc' dir='ltr'><strong><em>δήπου</em></strong></span> <span class='ocrx_word' id='word_1_214' title='bbox 824 3068 862 3138; x_wconf 91' lang='grc' dir='ltr'><strong><em>τὸ</em></strong></span> <span class='ocrx_word' id='word_1_215' title='bbox 883 3068 978 3158; x_wconf 80' lang='grc' dir='ltr'><strong><em>σῶμά</em></strong></span> <span class='ocrx_word' id='word_1_216' title='bbox 1005 3090 1111 3157; x_wconf 88' lang='grc' dir='ltr'><strong><em>φησιν</em></strong></span> 
     </span>
     <span class='ocr_line' id='line_1_29' title="bbox 94 3172 1110 3266; baseline 0 -22"><span class='ocrx_word' id='word_1_217' title='bbox 94 3173 176 3245; x_wconf 72' lang='grc' dir='ltr'><strong><em>ούδδ</em></strong></span> <span class='ocrx_word' id='word_1_218' title='bbox 203 3174 244 3245; x_wconf 81' lang='grc' dir='ltr'><strong><em>τὰ</em></strong></span> <span class='ocrx_word' id='word_1_219' title='bbox 270 3175 419 3265; x_wconf 83' lang='grc' dir='ltr'><strong><em>χρήματα</em></strong></span> <span class='ocrx_word' id='word_1_220' title='bbox 448 3172 528 3246; x_wconf 70' lang='grc' dir='ltr'><strong><em>ούδδ</em></strong></span> <span class='ocrx_word' id='word_1_221' title='bbox 547 3173 719 3263; x_wconf 78' lang='grc' dir='ltr'><strong><em>εὐγένειαν</em></strong></span> <span class='ocrx_word' id='word_1_222' title='bbox 737 3177 793 3245; x_wconf 81' lang='grc' dir='ltr'><strong><em>καὶ</em></strong></span> <span class='ocrx_word' id='word_1_223' title='bbox 812 3175 916 3257; x_wconf 84' lang='grc' dir='ltr'><strong><em>δόξαν</em></strong></span> <span class='ocrx_word' id='word_1_224' title='bbox 943 3177 1110 3266; x_wconf 83' lang='grc' dir='ltr'><strong><em>πατέρων·</em></strong></span> 
     </span>
    </p>
   </div>
   <div class='ocr_carea' id='block_1_3' title="bbox 94 3337 1111 3602">
    <p class='ocr_par' dir='ltr' id='par_1_9' title="bbox 94 3337 1111 3602">
     <span class='ocr_line' id='line_1_30' title="bbox 164 3337 1111 3414; baseline -0.001 -18"><span class='ocrx_word' id='word_1_225' title='bbox 164 3349 177 3396; x_wconf 94' lang='grc'>1</span> <span class='ocrx_word' id='word_1_226' title='bbox 202 3337 285 3398; x_wconf 81' lang='grc' dir='ltr'><strong><em>δεινά</em></strong></span> <span class='ocrx_word' id='word_1_227' title='bbox 308 3347 333 3396; x_wconf 85' lang='lat' dir='ltr'>V</span> <span class='ocrx_word' id='word_1_228' title='bbox 402 3350 418 3398; x_wconf 87' lang='grc'><strong>6</strong></span> <span class='ocrx_word' id='word_1_229' title='bbox 440 3341 536 3414; x_wconf 84' lang='grc' dir='ltr'><strong><em>πόρρω</em></strong></span> <span class='ocrx_word' id='word_1_230' title='bbox 558 3363 589 3399; x_wconf 90' lang='grc' dir='ltr'><strong><em>τε</em></strong></span> <span class='ocrx_word' id='word_1_231' title='bbox 606 3345 640 3412; x_wconf 90' lang='lat' dir='ltr'><strong><em>V]</em></strong></span> <span class='ocrx_word' id='word_1_232' title='bbox 664 3342 818 3413; x_wconf 78' lang='grc' dir='ltr'><strong><em>πόρρωθεν</em></strong></span> <span class='ocrx_word' id='word_1_233' title='bbox 885 3349 901 3398; x_wconf 84' lang='grc'>8</span> <span class='ocrx_word' id='word_1_234' title='bbox 926 3344 967 3406; x_wconf 86' lang='grc' dir='ltr'><strong><em>είς</em></strong></span> <span class='ocrx_word' id='word_1_235' title='bbox 985 3342 1059 3410; x_wconf 84' lang='lat' dir='ltr'><strong><em>VM]</em></strong></span> <span class='ocrx_word' id='word_1_236' title='bbox 1082 3337 1111 3405; x_wconf 83' lang='grc' dir='ltr'><strong><em>ές</em></strong></span> 
     </span>
     <span class='ocr_line' id='line_1_31' title="bbox 94 3405 1111 3495; baseline -0.002 -30"><span class='ocrx_word' id='word_1_237' title='bbox 94 3406 329 3495; x_wconf 68' lang='grc' dir='ltr'><strong><em>δέξιλάσασδαι</em></strong></span> <span class='ocrx_word' id='word_1_238' title='bbox 350 3420 425 3465; x_wconf 78' lang='lat' dir='ltr'><strong>eant.</strong></span> <span class='ocrx_word' id='word_1_239' title='bbox 495 3418 526 3465; x_wconf 81' lang='lat'><strong><em>12</em></strong></span> <span class='ocrx_word' id='word_1_240' title='bbox 548 3405 585 3465; x_wconf 83' lang='grc' dir='ltr'><strong><em>ἀν</em></strong></span> <span class='ocrx_word' id='word_1_241' title='bbox 609 3415 671 3468; x_wconf 84' lang='grc' dir='ltr'><strong><em>εδδ.</em></strong></span> <span class='ocrx_word' id='word_1_242' title='bbox 691 3416 718 3464; x_wconf 90' lang='grc' dir='ltr'><strong>Η</strong></span> <span class='ocrx_word' id='word_1_243' title='bbox 787 3416 819 3466; x_wconf 86' lang='grc'><strong><em>16</em></strong></span> <span class='ocrx_word' id='word_1_244' title='bbox 843 3406 934 3466; x_wconf 86' lang='grc' dir='ltr'><strong><em>αύτοῦ</em></strong></span> <span class='ocrx_word' id='word_1_245' title='bbox 952 3413 1010 3464; x_wconf 87' lang='lat' dir='ltr'><strong><em>VM</em></strong></span> <span class='ocrx_word' id='word_1_246' title='bbox 1080 3416 1111 3464; x_wconf 80' lang='lat'><strong><em>17</em></strong></span> 
     </span>
     <span class='ocr_line' id='line_1_32' title="bbox 96 3474 1111 3550; baseline -0.002 -17"><span class='ocrx_word' id='word_1_247' title='bbox 96 3479 261 3547; x_wconf 85' lang='grc' dir='ltr'><strong><em>Πλατυνος]</em></strong></span> <span class='ocrx_word' id='word_1_248' title='bbox 280 3482 389 3533; x_wconf 82' lang='lat' dir='ltr'>Menex.</span> <span class='ocrx_word' id='word_1_249' title='bbox 407 3483 492 3533; x_wconf 66' lang='lat' dir='ltr'><strong><em>247ss</em></strong></span> <span class='ocrx_word' id='word_1_250' title='bbox 544 3485 577 3534; x_wconf 82' lang='lat'><strong><em>25</em></strong></span> <span class='ocrx_word' id='word_1_251' title='bbox 595 3475 708 3535; x_wconf 86' lang='grc' dir='ltr'><strong><em>κελεύοι</em></strong></span> <span class='ocrx_word' id='word_1_252' title='bbox 725 3480 759 3550; x_wconf 91' lang='lat' dir='ltr'><strong><em>V]</em></strong></span> <span class='ocrx_word' id='word_1_253' title='bbox 779 3474 893 3535; x_wconf 87' lang='grc' dir='ltr'><strong><em>κελεύει</em></strong></span> <span class='ocrx_word' id='word_1_254' title='bbox 956 3483 989 3531; x_wconf 80' lang='lat'><strong><em>27</em></strong></span> <span class='ocrx_word' id='word_1_255' title='bbox 1008 3475 1111 3532; x_wconf 85' lang='grc' dir='ltr'><strong><em>σεαυτδ</em></strong></span> 
     </span>
     <span class='ocr_line' id='line_1_33' title="bbox 95 3541 471 3602; baseline 0.005 -4"><span class='ocrx_word' id='word_1_256' title='bbox 95 3548 130 3601; x_wconf 89' lang='lat' dir='ltr'><strong><em>V.</em></strong></span> <span class='ocrx_word' id='word_1_257' title='bbox 166 3549 347 3601; x_wconf 72' lang='lat' dir='ltr'><strong>scribendum</strong></span> <span class='ocrx_word' id='word_1_258' title='bbox 365 3541 471 3602; x_wconf 68' lang='grc' dir='ltr'><strong><em>ἑαυτὸν</em></strong></span> 
     </span>
    </p>
   </div>
   <div class='ocr_carea' id='block_1_4' title="bbox 0 0 1209 3960">
    <p class='ocr_par' dir='ltr' id='par_1_10' title="bbox 0 0 1209 3960">
     <span class='ocr_line' id='line_1_34' title="bbox 0 0 1209 3960; baseline 0 0"><span class='ocrx_word' id='word_1_259' title='bbox 0 0 1209 3960; x_wconf 95' lang='lat' dir='ltr'><strong><em> </em></strong></span> 
     </span>
    </p>
   </div>
  </div>
 </body>
</html>
