2392 3960
10 62 25 271 ξ·
87 164 96 173 “’
468 165 603 215 ORATIO
622 166 669 220 IV.
1015 166 1076 230 195

10 288 13 293 ¹
60 288 232 384 οὐρανίων
258 293 365 378 θεῶν,
397 293 454 359 νιοιὶ
482 293 539 379 τῆς
572 288 734 382 ἁρμονίας
761 289 875 362 αὐτῶν
903 299 951 362 ἔτι
979 300 1075 382 φιλία

59 401 113 469 καί
146 401 275 480 ἕνωσις.
324 394 439 467 Ἡλίου
471 394 535 488 γάρ
568 397 668 486 ἐγγὺς
701 390 788 469 οὖσα
827 402 883 469 καί
917 419 1073 491 συμπερι-

58 508 189 575 θίουσα
226 507 282 574 καί
318 504 546 593 πλησιάζουσα
577 514 701 595 πληροῖ
735 506 796 594 μὲν
827 506 888 576 τὸν
926 505 1075 598 οὐρανὸν

58 610 253 703 εὐκρασίας,
290 614 447 680 ἐνδίδωσι
481 610 519 679 δὲ
551 609 589 681 τὸ
617 612 760 701 γόνιμον
792 617 832 702 τῇ
860 616 918 703 γῇ,
950 640 1076 703 προμη-

33 721 211 808 ιθουμίνη
239 720 295 788 καί
323 714 408 806 αὕτη
441 721 499 806 της
527 715 731 805 άειγευεσίας
757 723 826 788 τῶν
855 721 961 812 ζῴων,
991 711 1030 808 ἧς
1058 716 1076 790 ὁ

58 827 118 915 μὲν
156 823 313 914 βασιλεὺς
341 823 455 905 Ἥλιος
492 830 558 912 ἔχει
593 824 656 914 τὴν
692 825 912 916 πρωτουργὸν
954 833 1075 914 αἰτίαν,

55 931 237 1025 Ἀφροδίτη
270 931 307 1000 δδ
334 928 425 1025 αὐτῷ
453 939 639 1019 συναίτιος,
672 928 692 1021 ἡ
725 935 896 1019 θέλγουσα
929 933 989 1019 μὲν
1016 930 1110 1015 τάςῦ

57 1039 168 1129 ψυχάς
199 1034 295 1128 ἡμῶν
327 1035 393 1108 σὺν
425 1035 637 1129 εὐφροσύνη,
669 1041 930 1127 καταπέμπουσα
963 1039 1000 1108 δὲ
1028 1046 1077 1122 είς

56 1150 124 1236 γῆν
152 1148 185 1228 ἐξ
213 1147 351 1235 αίθέρος
377 1142 485 1232 αὐγάς
512 1140 651 1232 ἡδίστας
678 1148 734 1215 καί
762 1143 950 1236 ἀκηράτους
969 1143 1076 1215 αὐτοῦ

18 1257 120 1324 10τοῦ
152 1259 294 1343 χρυσίου
327 1254 568 1341 στιλπνοτέρας.
619 1258 668 1320 ἔτι
700 1253 872 1342 μετριάσαι
909 1253 1076 1340 βούλομαι

55 1363 116 1448 τῆς
144 1365 314 1429 Φοινίκων
345 1364 536 1446 θεολογίας·
568 1364 599 1427 εί
626 1357 663 1428 δὲ
695 1356 739 1447 μη
772 1359 895 1448 μάτην,
929 1355 946 1428 ὁ
976 1358 1076 1445 λόγος

55 1464 189 1558 προϊὼν
217 1467 326 1548 δείξει.
368 1470 403 1535 οί
427 1462 489 1553 τὴν
513 1464 678 1534 Ἔδεσσαν
707 1469 893 1553 οίιιοῦντες,
922 1463 1014 1552 ίερὸν
1042 1469 1075 1546 ἐξ

56 1577 183 1654 αίῶυος
216 1568 331 1642 Ἡλίου
368 1579 507 1661 χωρίον,
538 1572 698 1660 Μόνιμον
735 1570 827 1665 αὐτῷ
863 1573 919 1642 καὶ
948 1570 1076 1655 ’Ἄζιζον

57 1680 383 1770 συγκαθιδρύουσιν.
420 1684 633 1748 αἰνίττεσθαί
649 1701 754 1769 φησιν
771 1677 964 1768 Ἰάμβλιχος,
991 1676 1109 1769 παρἸ)

14 1811 42 1852 15
58 1779 103 1857 οὗ
130 1789 186 1856 καί
216 1778 316 1854 ιάλλα
343 1786 450 1854 πάντα
479 1788 515 1853 ἐκ
541 1789 674 1855 πολλῶν
701 1784 802 1876 μικρά
830 1787 1001 1875 ἐλάβομεν,
1031 1781 1075 1867 ὥς

57 1890 78 1964 ὁ
107 1893 263 1982 Μόνιμος
289 1892 352 1982 μὲν
375 1888 495 1983 Ἑρμῆς
523 1901 588 1980 είη,
613 1890 735 1976 ’Ἀζιζος
763 1893 800 1962 δὲ
819 1890 934 1981 Ἄρης,
959 1888 1075 1962 Ἡλίου

55 2000 231 2090 πάρεδροι,
258 1998 365 2068 πολλὰ
391 2000 446 2068 καὶ
475 1996 589 2084 άγαθά
607 2002 653 2091 τῷ
676 2002 750 2090 περὶ
779 2002 844 2087 γῆν
862 1998 1074 2086 ἐποχετεύον-

56 2134 111 2188 τες
139 2107 238 2201 τόπῳ.

144 2230 191 2300 Τά
223 2231 284 2319 μὲν
312 2222 375 2300 οὖν
406 2232 481 2321 περὶ
509 2228 570 2299 τὸν
602 2226 751 2320 οὐρανὸν
784 2235 864 2318 ἔργα
896 2231 958 2297 τοῦ
989 2231 1075 2297 θεοῦ

10 2364 38 2404 20
54 2338 196 2407 τοιαῦτά
215 2340 295 2425 ἐστι,
321 2338 378 2406 καὶ
396 2335 452 2406 διὰ
479 2337 609 2406 τουτέου
628 2336 863 2424 ἐπιτελούμενα
890 2337 984 2425 μέχρι
1006 2337 1075 2402 τῶν

52 2448 116 2534 τῆς
143 2448 204 2534 γης
230 2445 368 2535 προήκει
395 2451 593 2513 τελευταίων
626 2441 728 2534 ὅρων·
762 2440 825 2512 ὅσα
854 2441 890 2510 δὲ
918 2436 984 2509 ὑπὸ
1013 2437 1074 2528 τὴν

53 2551 214 2640 Σελήνην
247 2551 428 2642 ἐργάζεται,
460 2549 590 2641 μακρὸν
622 2546 665 2619 άυ
697 2559 747 2638 είη
781 2547 822 2617 τά
854 2548 962 2617 πάντα
990 2541 1073 2616 οἰπα-

54 2669 265 2749 ριθμείσθαι.
306 2656 394 2746 πλὴν
413 2652 457 2738 ὡς
485 2660 523 2726 ἐν
549 2663 719 2750 κεφαλαίῳ
738 2658 794 2725 ιιοιί
822 2657 926 2725 ταυτα
945 2656 1073 2743 ῥητέον.

55 2763 136 2834 οἶδα
164 2763 225 2852 μὲν
243 2755 307 2833 οὗν
334 2770 437 2852 ἔγωγε
455 2765 510 2833 καί
533 2764 696 2854 πρότερον
715 2761 960 2851 μνημονεύσας,
984 2756 1122 2848 ὅπη-151

10 2898 38 2939 25
53 2878 136 2941 νίκα
164 2868 281 2959 ἠξίουν
310 2874 345 2940 ἐν
372 2873 440 2939 τῶν
467 2873 684 2958 φαινομένων
702 2869 742 2939 τά
771 2866 886 2957 ιἰφανῆ
913 2869 988 2957 περὶ
1015 2869 1074 2955 τῆς

53 2980 121 3048 τοῦ
147 2981 231 3046 θεοῦ
260 2991 397 3047 σκοπεῖν
424 2973 550 3065 οὐσίας,
579 2973 715 3063 ὁλόγος
743 2975 780 3044 δὲ
799 2973 932 3046 ἀπαιτεῖ
951 3002 989 3062 με
1017 2974 1073 3042 καὶ

53 3088 124 3154 νῦν
152 3086 188 3153 ἐν
215 3084 304 3165 τάξει
330 3085 405 3174 περὶ
433 3080 546 3152 αὐτῶν
573 3086 731 3172 δηλῶσαι.

130 3339 220 3410 lfa]
238 3337 297 3394 ἔστι
315 3343 379 3393 libri
447 3344 532 3395 8et9
557 3338 599 3402 είς
622 3339 679 3409 γῆν
700 3339 775 3407 libri]
802 3335 844 3401 είς
862 3332 915 3406 τήν
933 3334 989 3404 γῆν
1041 3340 1073 3388 10

55 3411 111 3466 τοῦ
130 3429 179 3467 om.
198 3413 263 3463 libri
294 3410 299 3475 Ι
326 3405 368 3463 ἔτι
386 3401 550 3476 μετριάσαι]
572 3404 613 3461 ἔτι
631 3401 819 3476 ἐπιμετρῆσαι
838 3409 865 3458 Η
940 3409 971 3456 12
989 3397 1072 3469 ’Ἐμε-

57 3497 114 3534 οαν
137 3479 257 3544 conjecit
281 3479 461 3556 spanhemiuq
484 3482 512 3528 et
528 3477 556 3529 h.
575 3477 593 3532 l.
617 3482 644 3528 et
666 3477 812 3544 p.15413,
837 3470 942 3527 ἔδοσαν
965 3471 1073 3524 MbEF

57 3552 93 3601 20
111 3544 220 3600 τούτων
239 3545 361 3611 MbEF]
380 3561 518 3598 τοιουτων

805 3625 858 3680 13*
896 3615 899 3619 ’
