2392 3960
118 167 162 229 20
423 166 567 218 ιοιιεωι
585 165 835 217 ΙΜΡΕοΑΤοωιε

118 293 202 384 πρὸς
228 292 307 374 τοὺς
335 300 513 381 πολεμίους
537 290 701 381 ἀνδρείως
726 293 780 359 καὶ
805 296 1061 382 μεγαλοπρεπῶς
1083 295 1140 363 καὶ

118 404 176 489 της
207 399 489 490 προϋπαρχούσης
521 396 620 480 άξίως
658 401 720 466 τού
757 399 877 484 γένους
910 400 1009 487 δόξης
1041 428 1144 469 καται

120 507 332 594 στησάμενος.
368 521 438 586 τοίς
456 505 517 594 μὲν
536 502 582 573 δι’
604 500 766 592 ὁμονοίας
783 502 843 572 τὸν
863 501 993 573 ἅπαντα
1012 507 1139 596 χρόνον

119 615 341 700 συγγέγονας,
365 610 589 680 ἀστασίαστον
613 610 674 698 μὲν
697 607 760 699 την
785 611 883 679 πόλιν
902 613 1141 699 διαφυλάττων

78 738 100 791 Β
119 721 175 788 καὶ
203 717 283 799 τούς
310 716 479 806 ἀδελφούς
502 719 731 807 συνάρχοντας
754 717 953 806 θεραπεύων
977 717 1043 804 άεί,
1071 735 1167 801 τοίςι

120 832 231 913 φίλοις
264 825 301 893 δὲ
333 829 391 912 της
420 835 494 911 ἰσης
521 831 730 915 παρηγορίας
765 821 963 911 μεταδιδούς
995 828 1050 893 καὶ
1083 830 1141 914 τῆς

119 938 306 1022 παρρησίας
333 930 413 1019 μετόι
440 935 508 999 τῶν
541 930 651 1000 άλλων
685 927 826 1017 άγαδῶν
860 926 1038 1017 άφδόνως,
1071 960 1141 1003 κοι-

119 1041 241 1106 νωνῶν
273 1038 335 1125 μὲν
369 1035 471 1106 ἅπασι
498 1040 567 1105 τῶν
598 1032 836 1125 ὑπαρχόντων,
870 1036 1071 1123 μεταδιδούς
1104 1038 1141 1107 δὲ

121 1136 169 1212 (όν
197 1145 334 1224 ἕκαστος
362 1142 479 1231 ἐνδεὴς
507 1144 619 1224 δόξειε.
661 1144 717 1212 καὶ
750 1143 881 1211 τούτων
909 1144 1052 1233 μάρτυσι
1080 1144 1141 1233 μὲν

120 1246 234 1330 αύτοίς
270 1252 409 1330 ἐκείνοις
446 1249 579 1330 εἰκότως
616 1247 659 1317 άν
695 1277 746 1330 τις
782 1248 963 1338 χρήσαιτο,
1006 1252 1061 1319 καὶ
1098 1249 1140 1319 τὰ
1155 1277 1179 1317 10

119 1356 296 1444 πράγματα
329 1356 366 1423 δὲ
398 1371 468 1436 τοῖς
507 1354 744 1442 άπολειφθείσι
780 1358 839 1445 τῆς
873 1354 957 1446 πρὸς
994 1359 1143 1438 ἐκείνους

122 1467 307 1543 συνουσίας
341 1460 439 1530 ίκανόι
474 1465 622 1549 δηλῶσαι
654 1462 716 1550 την
748 1468 946 1552 προαίρεσιν
973 1466 1036 1531 τού
1063 1469 1141 1550 βίον

126 1568 260 1648 παντός.

82 1702 102 1756 O
199 1686 333 1778 Ῥητέον
366 1689 403 1758 δὲ
435 1685 518 1778 ὑπὲρ
548 1687 660 1758 αὐτῶν
692 1689 756 1777 η’δη
784 1693 852 1757 των
880 1691 1031 1780 πράξεων
1059 1689 1140 1761 άνα-

122 1798 340 1885 βαλλομένοις
367 1794 426 1864 τὸν
454 1792 538 1885 ὑπὲρ
566 1798 634 1863 τῶν
663 1799 763 1877 ἕξεων
787 1796 898 1882 λόγον.
936 1800 1065 1886 Πέρσαι
1084 1798 1142 1886 τῆς
1156 1824 1180 1865 15

118 1900 229 1983 Ἀσίας
261 1899 391 1989 ἁπάσης
423 1902 525 1970 πάλαι
552 1902 775 1992 κρατήσαντες
807 1904 864 1971 καὶ
891 1906 948 1990 τῆς
976 1901 1143 1993 Εὐρώπης

120 2007 161 2077 τά
189 2007 294 2077 πολλὰ
321 2009 636 2099 καταστρεψάμενοι,
665 2013 785 2100 μικροῦ
810 2005 874 2078 δέω
900 2010 1006 2097 φάναι
1029 2013 1143 2080 πάσαν

121 2114 182 2202 την
220 2117 422 2204 οἰκουμένην
459 2115 715 2205 περιβαλόμενοι
751 2115 861 2205 κύκλφ
895 2131 967 2197 ταίς
1000 2119 1141 2205 ἐλπίσιν,

121 2220 233 2308 ἐπειδὴ
271 2220 333 2309 τὴν
370 2218 476 2315 αἰρχίχν
513 2218 579 2290 ύπὸ
612 2221 823 2305 Μακεδόνων
856 2218 1045 2311 ἀφῄρηντο,
1084 2228 1142 2312 τῆς

119 2324 338 2417 Ἀλεξάνδρου
372 2333 570 2416 στρατηγίας
602 2332 702 2415 ἔργον
729 2326 919 2414 γενόμενοι,
948 2331 1075 2415 μᾶλλον
1104 2331 1180 2399 δὲεο

121 2439 290 2519 παίγνιον,
318 2435 466 2519 χαλεπῶς
489 2434 647 2521 φέροντες
677 2431 787 2522 [πρὸς]
817 2431 854 2501 τό
880 2435 1067 2523 δουλεύειν,
1097 2433 1142 2518 ως

123 2541 251 2607 ἐκεῖνον
283 2535 433 2626 ᾔσθοντο
461 2539 727 2626 τετελευτηκότα,
759 2541 829 2608 των
865 2540 1032 2629 διαδόχων
1061 2539 1142 2612 ιἰπο-

82 2657 107 2711 D
127 2645 262 2724 στάντες
280 2643 454 2712 Μακεδόσι
472 2672 506 2713 τε
525 2651 572 2726 εἰς
590 2643 652 2733 τὴν
671 2643 855 2715 ἀντίπαλον
875 2647 1021 2735 δύναμιν
1040 2640 1142 2730 αὖθις

121 2753 327 2837 κατέστησαν
353 2752 409 2819 καὶ
437 2746 517 2839 ἡμῖν
544 2749 577 2820 τί
613 2753 813 2840 λειπόμενον
845 2757 903 2843 της
930 2754 1141 2823 Μακεδόνων

123 2853 225 2945 ἀρχῆς
252 2860 558 2946 κατακτησαμένοις’
582 2855 755 2947 άξιόμαχοι
790 2859 847 2929 διά
878 2864 993 2954 τέλους
1020 2861 1139 2940 ἔδοξαν
1155 2887 1181 2926 25

123 2960 219 3029 εἶναι·
241 2964 400 3051 πολέμιοι.
446 2966 501 3032 καὶ
533 2968 601 3034 τῶν
633 2969 694 3053 μέν
725 2970 877 3036 παλαιῶν
908 2973 943 3034 τί
976 2963 1037 3055 χρὴ
1074 2969 1140 3035 νύν

122 3063 401 3157 ὑπομιμνήσκειν,
431 3068 611 3141 Ἀντωνίου
643 3075 700 3142 καὶ
728 3073 906 3164 Κράσσου,
945 3076 1140 3161 στρατηγῶν

192 3271 206 3319 7
226 3274 254 3319 et
272 3272 288 3319 8
307 3268 465 3338 κοινωνῶν]
486 3271 608 3326 κοινῶνί
638 3274 698 3327 Vid.
718 3282 811 3325 tamen
830 3273 929 3324 Cobeti
948 3274 978 3323 V.
998 3276 1030 3324 L.
1050 3291 1076 3340 p.
1090 3277 1140 3326 313

125 3341 153 3385 εἰ
171 3337 244 3386 infra
263 3338 328 3388 45ss
352 3341 435 3390 2901)
461 3342 542 3391 305ss
612 3345 627 3391 9
652 3337 748 3406 δόξειε
767 3339 889 3407 Schaeffl
912 3334 992 3405 δόξει
1063 3345 1093 3393 17
1114 3350 1141 3393 et

124 3404 156 3453 18
180 3403 276 3457 πᾶσαν
299 3401 352 3471 τὴν
377 3403 551 3474 οἰκουμένην
576 3409 600 3458 V
642 3403 695 3477 την
723 3400 896 3475 οἰκουμένην
923 3400 1039 3460 ἅπασαν
1108 3414 1141 3463 18

122 3467 346 3539 περιβαλόμενοι
376 3473 499 3540 Schaef.]
531 3490 594 3542 περι
617 3471 769 3540 αλλόμενοι
799 3479 838 3542 V,
872 3471 1094 3543 περιλαβόμενοι
1122 3496 1140 3530 v

123 3541 155 3588 21
177 3535 248 3608 πρός
272 3542 363 3594 δελετε
387 3543 454 3594 Rsk.
478 3543 540 3594 vult
563 3551 612 3596 aut
635 3540 748 3613 ἔχοντες
775 3561 824 3610 pro
852 3539 990 3613 φέροντες
1019 3547 1139 3598 seribere
