2392 3960
127 155 189 219 318
425 158 570 209 ιοιιευι
590 158 837 210 IMPERATORIS

125 282 164 352 τὸ
193 293 269 352 ίσον
296 286 446 372 μετέχεις.
492 283 575 354 ἀλλὰ
601 289 705 354 ταῦτα
733 286 794 374 μέν
822 281 986 373 ὁποτέρου
1014 286 1145 372 μάλλον

127 385 170 458 ἀν
198 397 372 478 φαίνηται,
404 394 536 484 θατέρῳ
568 392 741 483 προσήκει,
773 393 829 461 καὶ
855 407 926 473 τοῖς
958 390 1145 479 βασκάνοις

127 495 229 565 οὐδὲν
256 502 347 565 ἔσται
375 499 477 567 πλέον
504 501 539 567 ἐκ
566 502 634 567 τῶν
661 499 779 587 λόγων.
1016 512 1021 524 ’

203 601 300 691 Ἡμῖν
330 604 366 672 δὲ
394 606 568 674 ἐπανιτέον
596 607 648 674 ἐπὶ
681 605 741 674 τὸν
765 603 969 695 Ἀφρικανὸν
996 606 1053 674 καλ
1080 604 1144 674 τὸν

126 717 276 780 Λαίλιον.
323 709 434 797 ἐπειδὴ
463 711 527 798 γάρ
555 709 701 801 ἀνῄρητο
730 711 791 800 μὲν
818 707 838 799 ι]
867 710 1058 800 Καρχηδὼν
1085 713 1168 782 καλε

84 817 164 886 0τά
201 820 275 907 περὶ
313 817 374 905 τὴν
406 819 543 907 Λιβύην
580 816 710 888 ἅπαντα
746 822 804 906 τῆς
832 814 957 907 Ῥώμης
993 818 1143 905 ἐγεγόνει

125 928 240 1015 δοῦλα,
269 927 386 1013 πέμπει
413 926 475 1015 μέν
500 923 699 1013 Ἀφρικανὸς
725 924 785 994 τὸν
812 932 967 994 Λαίλιον·
996 922 1141 1013 ἀνήγετο

124 1032 161 1101 δὲ
188 1035 314 1113 ἐκεῖνος
342 1030 517 1120 εὐαγγέλια
544 1037 584 1122 τῇ
611 1038 747 1122 πατρίδι
771 1033 898 1121 φέρων·
925 1032 981 1100 καλ
1011 1027 1141 1120 dtam-

122 1145 210 1207 πίων
238 1137 360 1227 ἤχθετο
389 1140 450 1227 μὲν
478 1136 739 1228 ἀπολειπόμενος
764 1141 827 1208 τοῦ
854 1145 974 1226 φίλου,
1002 1135 1045 1207 οὐ
1071 1136 1142 1228 μὴν
1180 1233 1183 1237 .

124 1242 390 1335 ἀπαραμύθητον
423 1242 512 1338 αὑτῷ
540 1244 577 1314 τὸ
609 1246 720 1326 πάθος
748 1243 837 1338 βετο.
883 1246 939 1314 καὶ
965 1242 1026 1314 τὸν
1058 1251 1179 1316 Aac-10

52 1432 57 1440 Δ
122 1361 196 1419 λιον
229 1353 266 1420 δὲ
300 1358 532 1441 δυσχεραίνειν
564 1353 667 1438 είκός,
701 1350 812 1440 ἐπειδὴ
845 1351 949 1439 μόνος
985 1347 1139 1446 ἀνήγετο,

123 1454 165 1525 οὐ
192 1458 258 1546 μὴν
282 1456 455 1547 ἀφόρητον
483 1461 623 1527 ἐποιεῖτο
647 1457 709 1546 την
737 1458 925 1548 συμφοράν.
962 1463 1053 1527 ἔπλει
1080 1460 1139 1528 καλ

121 1564 242 1633 Κάτων
274 1562 447 1634 ἀπολιπὼν
473 1557 571 1633 ὀίκοι
606 1563 685 1646 τοὺς
722 1559 829 1634 αὑτοῦ
866 1563 1043 1653 συνήθεις,
1080 1567 1139 1634 καὶ

121 1671 330 1760 Πυθαγόρας
359 1673 421 1757 [είς
447 1673 653 1758 Αίγυπτον],
681 1673 737 1740 καὶ
764 1671 907 1740 Πλάτων
934 1671 992 1740 καλ
1019 1671 1137 1759 Δημό-

76 1785 101 1837 D
120 1804 232 1865 κριτος
259 1774 384 1846 οὐδένα
401 1777 649 1867 παραλαβόντες
676 1775 843 1847 κοινωνὸν
861 1779 919 1865 τῆς
938 1772 1034 1865 ὁδοῦ,
1062 1785 1136 1847 καί·
1151 1804 1176 1847 ιι

119 1910 171 1950 τοι
210 1882 354 1965 πολλοὺς
395 1893 481 1953 οίκοι
521 1887 590 1952 τῶν
631 1883 798 1971 φιλτάτων
840 1881 1137 1972 ἀπολιμπάνοντες.

120 1990 358 2080 ἐστρατεύσατο
386 1993 441 2058 καὶ
459 1993 623 2079 Περικλῆς
651 1991 703 2059 ἐπὶ
730 1988 793 2077 τὴν
811 1989 931 2078 Σάμον
950 1986 1014 2059 οὐκ
1041 1987 1137 2077 άγων

115 2090 179 2164 Ιτὸν
206 2093 441 2185 Ἀναξαγόραν,
468 2098 524 2165 καὶ
551 2094 613 2183 τὴν
631 2094 784 2184 Εὔβοιαν
810 2095 1137 2186 παρεστήσατο-ταῖς

49 2288 53 2295 ¹
118 2200 179 2288 μὲν
211 2204 341 2272 ἐκείνου
372 2209 526 2291 βουλαῖς,
564 2205 781 2272 ἐπεπαίδευτο
813 2201 878 2291 γάρ
910 2197 967 2271 ὑπ’
1006 2205 1136 2295 ἐκείνῳ,

118 2305 156 2376 τὸ
189 2311 284 2397 σῶμα
322 2309 358 2376 δὲ
391 2306 454 2378 οὐκ
486 2310 706 2397 ἐφελκόμενος
739 2306 849 2397 ὥσπερ
887 2306 967 2378 άλλο
999 2336 1032 2377 τι
1063 2313 1175 2381 τῶνεο

65 2410 316 2501 246ἀναγκαίων
334 2414 418 2504 πρὸς
436 2414 494 2496 τάς
512 2414 626 2504 μάχας.
658 2422 765 2484 καίτοι
783 2416 839 2484 καὶ
857 2418 978 2484 τοῦτον
997 2412 1135 2504 άκοντα,

118 2527 235 2607 φασίν,
261 2517 435 2608 Ἀθηναῖοι
452 2524 511 2608 τῆς
528 2521 612 2610 πρὸς
629 2518 689 2590 τόν
708 2521 912 2591 διδάσκαλον
940 2518 1135 2611 ἀπέστησαν

117 2632 310 2707 συνουσίας.
357 2623 428 2696 ἀλλ’
459 2633 578 2716 ἔφερεν
598 2623 643 2708 ὦς
666 2624 752 2716 ἀνὴρ
771 2633 910 2717 ἔμφρων
927 2625 989 2716 τὴν
1008 2624 1135 2698 άνοιαν

116 2735 184 2801 τῶν
217 2729 323 2802 αὑτοῦ
350 2736 496 2803 πολιτῶν
528 2736 694 2823 ἐγκρατῶς
726 2734 781 2802 καλ
814 2733 935 2826 πράως.
981 2735 1038 2802 καὶ
1067 2733 1135 2827 γάρ

116 2835 243 2928 ἀνάγκη
275 2843 316 2928 τῇ
342 2844 479 2928 πατρίδι
506 2839 664 2929 ’καθάπερ
696 2841 795 2930 μητρὶ
823 2845 959 2920 δικαίως
986 2839 1049 2928 μὲν
1077 2838 1132 2931 οὗ,
1145 2869 1174 2913 ιο

183 3060 280 3112 Ῑίσον
297 3061 336 3129 Μ]
356 3057 418 3114 λαον
451 3063 455 3127 Ι
487 3079 602 3128 μ...εις
620 3065 644 3113 V
713 3059 880 3132 λθαιέρῳ]
900 3059 1134 3135 καλθαιίρφΗ

114 3120 254 3180 3έοτιΜ
339 3131 358 3180 6·
374 3127 512 3181 λέλιονν
591 3122 679 3197 στῆν
696 3146 739 3182 om
764 3132 794 3181 Μ
871 3124 1044 3183 ‘1252th
1113 3135 1133 3186 8

114 3192 209 3261 φέρων
226 3195 261 3264 τῇ
279 3197 398 3262 πατρίδι
414 3199 444 3248 Μ
529 3200 545 3249 9
569 3189 798 3264 ἀπολειπόμενος
816 3199 844 3249 Η
861 3202 890 3249 et
909 3193 990 3264 cdd]
1009 3190 1133 3253 ἀπολει-

112 3260 240 3339 πομένου
310 3267 343 3316 10
360 3257 438 3334 αὐτῷ
457 3263 493 3333 Η]
513 3255 591 3332 αὐτῷ
623 3269 628 3331 Ι
654 3261 749 3318 λέλιον
766 3266 791 3316 V
861 3269 892 3317 13
911 3256 1002 3317 αὑτοῦ
1019 3263 1058 3331 Η]
1076 3257 1133 3320 αὖ·

113 3347 163 3383 του
222 3334 254 3382 14
273 3328 315 3392 είς
333 3330 479 3399 Αἴγυπτον
497 3334 620 3399 ineptum
639 3337 683 3384 ent
700 3333 917 3386 additamentum
975 3335 1006 3404 19
1025 3325 1133 3389 ἐκείνου

111 3397 177 3464 VM]
196 3390 310 3452 ἐκείνου
379 3403 412 3454 23
430 3392 496 3452 ἀλλ’
515 3395 632 3485 ἔμφρων
650 3391 690 3454 dv
707 3392 782 3469 ἀνὴρ
801 3397 887 3466 ἔφερε
904 3401 942 3464 Μ,
960 3416 995 3479 px
1011 3415 1069 3479 ηυο
1088 3392 1133 3456 ὃν

112 3467 264 3518 addiderim
296 3468 300 3533 Ι
333 3457 437 3520 ἄνοιαν
455 3465 495 3532 Μ]
513 3485 634 3535 αγνοιαν
714 3471 748 3520 24
766 3461 858 3522 αότοῦ
875 3466 913 3534 Η]
931 3483 1024 3521 αυιον
1096 3472 1132 3523 2⁶

113 3527 245 3601 [ανάγκη]
265 3552 282 3586 v
667 3568 713 3615 Α,
1126 3564 1131 3569 ·
