<?xml version="1.0" encoding="UTF-8"?>
<!DOCTYPE html PUBLIC "-//W3C//DTD XHTML 1.0 Transitional//EN"
    "http://www.w3.org/TR/xhtml1/DTD/xhtml1-transitional.dtd">
<html xmlns="http://www.w3.org/1999/xhtml" xml:lang="en" lang="en">
 <head>
  <title>
</title>
<meta http-equiv="Content-Type" content="text/html;charset=utf-8" />
  <meta name='ocr-system' content='tesseract 3.04.00' />
  <meta name='ocr-capabilities' content='ocr_page ocr_carea ocr_par ocr_line ocrx_word'/>
</head>
<body>
  <div class='ocr_page' id='page_1' title='image "./iulianiimperato00juligoog_0242.png"; bbox 0 0 2392 3960; ppageno 0'>
   <div class='ocr_carea' id='block_1_1' title="bbox 104 154 814 220">
    <p class='ocr_par' dir='ltr' id='par_1_1' title="bbox 104 154 814 220">
     <span class='ocr_line' id='line_1_1' title="bbox 104 154 814 220; baseline -0.017 -2"><span class='ocrx_word' id='word_1_1' title='bbox 104 155 167 220; x_wconf 75' lang='lat'><strong><em>230</em></strong></span> <span class='ocrx_word' id='word_1_2' title='bbox 407 156 549 208; x_wconf 79' lang='lat' dir='ltr'><strong>IULIANI</strong></span> <span class='ocrx_word' id='word_1_3' title='bbox 566 154 814 208; x_wconf 76' lang='grc' dir='ltr'><strong><em>ενεεειενοεεε</em></strong></span> 
     </span>
    </p>
   </div>
   <div class='ocr_carea' id='block_1_2' title="bbox 54 279 1163 3248">
    <p class='ocr_par' dir='ltr' id='par_1_2' title="bbox 54 279 1163 3248">
     <span class='ocr_line' id='line_1_2' title="bbox 104 279 1122 373; baseline -0.002 -20"><span class='ocrx_word' id='word_1_4' title='bbox 104 289 185 354; x_wconf 84' lang='grc' dir='ltr'><strong><em>πᾶσι</em></strong></span> <span class='ocrx_word' id='word_1_5' title='bbox 212 283 332 364; x_wconf 80' lang='grc' dir='ltr'><strong><em>πάντες</em></strong></span> <span class='ocrx_word' id='word_1_6' title='bbox 359 283 392 364; x_wconf 77' lang='grc' dir='ltr'><strong><em>ἐξ</em></strong></span> <span class='ocrx_word' id='word_1_7' title='bbox 421 279 567 370; x_wconf 79' lang='grc' dir='ltr'><strong><em>ἀνάγκης</em></strong></span> <span class='ocrx_word' id='word_1_8' title='bbox 594 282 807 373; x_wconf 75' lang='grc' dir='ltr'><strong><em>χρησώμεθα·</em></strong></span> <span class='ocrx_word' id='word_1_9' title='bbox 836 284 936 352; x_wconf 79' lang='grc' dir='ltr'><strong><em>τοῦτο</em></strong></span> <span class='ocrx_word' id='word_1_10' title='bbox 964 281 1026 370; x_wconf 75' lang='grc' dir='ltr'><strong><em>μὲν</em></strong></span> <span class='ocrx_word' id='word_1_11' title='bbox 1054 281 1122 370; x_wconf 83' lang='grc' dir='ltr'><strong><em>γὰρ</em></strong></span> 
     </span>
     <span class='ocr_line' id='line_1_3' title="bbox 106 376 1122 481; baseline -0.001 -22"><span class='ocrx_word' id='word_1_12' title='bbox 106 401 186 472; x_wconf 86' lang='grc' dir='ltr'><strong><em>ίσως</em></strong></span> <span class='ocrx_word' id='word_1_13' title='bbox 213 388 276 460; x_wconf 82' lang='grc' dir='ltr'><strong><em>οὐκ</em></strong></span> <span class='ocrx_word' id='word_1_14' title='bbox 303 387 457 458; x_wconf 72' lang='grc' dir='ltr'><strong><em>εὔκολον·</em></strong></span> <span class='ocrx_word' id='word_1_15' title='bbox 486 385 558 457; x_wconf 82' lang='grc' dir='ltr'><strong><em>ἀλλ’</em></strong></span> <span class='ocrx_word' id='word_1_16' title='bbox 589 386 678 470; x_wconf 81' lang='grc' dir='ltr'><strong><em>ὅπως</em></strong></span> <span class='ocrx_word' id='word_1_17' title='bbox 697 392 822 481; x_wconf 76' lang='grc' dir='ltr'><strong><em>ἐκείνῳ,</em></strong></span> <span class='ocrx_word' id='word_1_18' title='bbox 852 386 918 481; x_wconf 84' lang='grc' dir='ltr'><strong><em>ὅτφ</em></strong></span> <span class='ocrx_word' id='word_1_19' title='bbox 946 376 1011 478; x_wconf 84' lang='grc' dir='ltr'><strong><em>ἀρα</em></strong></span> <span class='ocrx_word' id='word_1_20' title='bbox 1029 392 1122 478; x_wconf 77' lang='grc' dir='ltr'><strong><em>πρῶ-</em></strong></span> 
     </span>
     <span class='ocr_line' id='line_1_4' title="bbox 104 492 1122 586; baseline 0 -22"><span class='ocrx_word' id='word_1_21' title='bbox 104 525 165 566; x_wconf 91' lang='grc' dir='ltr'><strong><em>τον</em></strong></span> <span class='ocrx_word' id='word_1_22' title='bbox 191 493 296 585; x_wconf 72' lang='grc' dir='ltr'><strong><em>μὲνὴ</em></strong></span> <span class='ocrx_word' id='word_1_23' title='bbox 324 499 385 565; x_wconf 80' lang='grc' dir='ltr'><strong><em>τοῦ</em></strong></span> <span class='ocrx_word' id='word_1_24' title='bbox 407 495 559 584; x_wconf 78' lang='grc' dir='ltr'><strong><em>σώματος</em></strong></span> <span class='ocrx_word' id='word_1_25' title='bbox 587 501 776 586; x_wconf 84' lang='grc' dir='ltr'><strong><em>συγχωροίη</em></strong></span> <span class='ocrx_word' id='word_1_26' title='bbox 795 495 948 583; x_wconf 76' lang='grc' dir='ltr'><strong><em>δύναμις,</em></strong></span> <span class='ocrx_word' id='word_1_27' title='bbox 976 492 1047 565; x_wconf 83' lang='grc' dir='ltr'><strong><em>είτά</em></strong></span> <span class='ocrx_word' id='word_1_28' title='bbox 1070 522 1122 576; x_wconf 90' lang='grc' dir='ltr'><strong><em>τις</em></strong></span> 
     </span>
     <span class='ocr_line' id='line_1_5' title="bbox 54 598 1121 693; baseline -0.002 -21"><span class='ocrx_word' id='word_1_29' title='bbox 54 610 286 693; x_wconf 73' lang='grc' dir='ltr'><strong><em>ιτεπεριουσία</em></strong></span> <span class='ocrx_word' id='word_1_30' title='bbox 315 604 484 691; x_wconf 81' lang='grc' dir='ltr'><em>συντρέχει</em></span> <span class='ocrx_word' id='word_1_31' title='bbox 507 603 563 670; x_wconf 80' lang='grc' dir='ltr'><strong><em>καὶ</em></strong></span> <span class='ocrx_word' id='word_1_32' title='bbox 590 608 704 692; x_wconf 90' lang='grc' dir='ltr'><strong><em>τρίτον</em></strong></span> <span class='ocrx_word' id='word_1_33' title='bbox 731 599 751 690; x_wconf 82' lang='grc' dir='ltr'><em>ἡ</em></span> <span class='ocrx_word' id='word_1_34' title='bbox 778 608 981 692; x_wconf 85' lang='grc' dir='ltr'><strong><em>προαίρεσις,</em></strong></span> <span class='ocrx_word' id='word_1_35' title='bbox 1008 598 1055 690; x_wconf 79' lang='grc' dir='ltr'><strong><em>ἣν</em></strong></span> <span class='ocrx_word' id='word_1_36' title='bbox 1082 604 1121 670; x_wconf 80' lang='grc' dir='ltr'><strong><em>ἐν</em></strong></span> 
     </span>
     <span class='ocr_line' id='line_1_6' title="bbox 104 704 1147 798; baseline -0.002 -20"><span class='ocrx_word' id='word_1_37' title='bbox 104 725 175 791; x_wconf 88' lang='grc' dir='ltr'><strong><em>τοῖς</em></strong></span> <span class='ocrx_word' id='word_1_38' title='bbox 207 714 308 798; x_wconf 91' lang='grc' dir='ltr'><strong><em>ίεροῖς</em></strong></span> <span class='ocrx_word' id='word_1_39' title='bbox 340 706 446 790; x_wconf 77' lang='grc' dir='ltr'><strong><em>οὕτως</em></strong></span> <span class='ocrx_word' id='word_1_40' title='bbox 477 707 572 790; x_wconf 79' lang='grc' dir='ltr'><strong><em>ἀξιον</em></strong></span> <span class='ocrx_word' id='word_1_41' title='bbox 604 712 794 795; x_wconf 79' lang='grc' dir='ltr'><strong><em>ἐπιτείνειν,</em></strong></span> <span class='ocrx_word' id='word_1_42' title='bbox 832 705 915 778; x_wconf 74' lang='grc' dir='ltr'><strong><em>ὥστε</em></strong></span> <span class='ocrx_word' id='word_1_43' title='bbox 947 710 1003 777; x_wconf 78' lang='grc' dir='ltr'><strong><em>καί</em></strong></span> <span class='ocrx_word' id='word_1_44' title='bbox 1035 704 1147 798; x_wconf 72' lang='grc' dir='ltr'><strong><em>ὑπὲρε</em></strong></span> 
     </span>
     <span class='ocr_line' id='line_1_7' title="bbox 105 812 1122 906; baseline 0 -22"><span class='ocrx_word' id='word_1_45' title='bbox 105 814 167 905; x_wconf 79' lang='grc' dir='ltr'><strong><em>τὴν</em></strong></span> <span class='ocrx_word' id='word_1_46' title='bbox 194 819 256 886; x_wconf 81' lang='grc' dir='ltr'><strong><em>τοῦ</em></strong></span> <span class='ocrx_word' id='word_1_47' title='bbox 289 816 440 904; x_wconf 77' lang='grc' dir='ltr'><strong><em>σώματος</em></strong></span> <span class='ocrx_word' id='word_1_48' title='bbox 468 814 614 904; x_wconf 80' lang='grc' dir='ltr'><strong><em>δύναμιν</em></strong></span> <span class='ocrx_word' id='word_1_49' title='bbox 647 812 755 905; x_wconf 81' lang='grc' dir='ltr'><strong><em>ὁρμᾶν</em></strong></span> <span class='ocrx_word' id='word_1_50' title='bbox 782 817 838 885; x_wconf 86' lang='grc' dir='ltr'><strong><em>καλ</em></strong></span> <span class='ocrx_word' id='word_1_51' title='bbox 865 825 1122 906; x_wconf 87' lang='grc' dir='ltr'><strong><em>προθυμεῖσθαι</em></strong></span> 
     </span>
     <span class='ocr_line' id='line_1_8' title="bbox 105 919 1122 1012; baseline -0.001 -21"><span class='ocrx_word' id='word_1_52' title='bbox 105 939 176 1005; x_wconf 87' lang='grc' dir='ltr'><strong><em>τοῖς</em></strong></span> <span class='ocrx_word' id='word_1_53' title='bbox 202 930 311 1004; x_wconf 79' lang='grc' dir='ltr'><strong><em>θείοις</em></strong></span> <span class='ocrx_word' id='word_1_54' title='bbox 338 920 541 992; x_wconf 77' lang='grc' dir='ltr'><strong><em>ἀκολουθεῖν</em></strong></span> <span class='ocrx_word' id='word_1_55' title='bbox 566 932 715 1010; x_wconf 76' lang='grc' dir='ltr'><strong><em>θεσμοῖς.</em></strong></span> <span class='ocrx_word' id='word_1_56' title='bbox 761 927 830 991; x_wconf 80' lang='grc' dir='ltr'><strong><em>ἔστι</em></strong></span> <span class='ocrx_word' id='word_1_57' title='bbox 858 920 922 1012; x_wconf 81' lang='grc' dir='ltr'><strong><em>γὰρ</em></strong></span> <span class='ocrx_word' id='word_1_58' title='bbox 950 919 993 1010; x_wconf 79' lang='grc' dir='ltr'><strong><em>δὴ</em></strong></span> <span class='ocrx_word' id='word_1_59' title='bbox 1020 924 1122 991; x_wconf 82' lang='grc' dir='ltr'><strong><em>τοῦτο</em></strong></span> 
     </span>
     <span class='ocr_line' id='line_1_9' title="bbox 105 1026 1123 1119; baseline -0.001 -21"><span class='ocrx_word' id='word_1_60' title='bbox 105 1030 246 1118; x_wconf 83' lang='grc' dir='ltr'><strong><em>μάλιστα</em></strong></span> <span class='ocrx_word' id='word_1_61' title='bbox 274 1030 335 1118; x_wconf 76' lang='grc' dir='ltr'><strong><em>μὲν</em></strong></span> <span class='ocrx_word' id='word_1_62' title='bbox 363 1026 615 1118; x_wconf 76' lang='grc' dir='ltr'><strong><em>ἀνυσιμώτερον</em></strong></span> <span class='ocrx_word' id='word_1_63' title='bbox 643 1026 727 1119; x_wconf 76' lang='grc' dir='ltr'><strong><em>αὐτῇ</em></strong></span> <span class='ocrx_word' id='word_1_64' title='bbox 754 1032 794 1119; x_wconf 77' lang='grc' dir='ltr'><strong><em>τῇ</em></strong></span> <span class='ocrx_word' id='word_1_65' title='bbox 826 1032 917 1118; x_wconf 76' lang='grc' dir='ltr'><strong><em>ψυχῇ</em></strong></span> <span class='ocrx_word' id='word_1_66' title='bbox 944 1026 1029 1118; x_wconf 87' lang='grc' dir='ltr'><strong><em>πρὸς</em></strong></span> <span class='ocrx_word' id='word_1_67' title='bbox 1056 1048 1123 1097; x_wconf 84' lang='grc' dir='ltr'><strong><em>σω-</em></strong></span> 
     </span>
     <span class='ocr_line' id='line_1_10' title="bbox 104 1131 1123 1225; baseline 0 -21"><span class='ocrx_word' id='word_1_68' title='bbox 104 1142 239 1225; x_wconf 89' lang='grc' dir='ltr'><strong><em>τηρίαν,</em></strong></span> <span class='ocrx_word' id='word_1_69' title='bbox 273 1141 303 1204; x_wconf 91' lang='grc' dir='ltr'><strong><em>εί</em></strong></span> <span class='ocrx_word' id='word_1_70' title='bbox 329 1142 462 1222; x_wconf 82' lang='grc' dir='ltr'><strong><em>μείζονα</em></strong></span> <span class='ocrx_word' id='word_1_71' title='bbox 493 1135 596 1222; x_wconf 91' lang='grc' dir='ltr'><strong><em>λόγον</em></strong></span> <span class='ocrx_word' id='word_1_72' title='bbox 627 1131 746 1223; x_wconf 72' lang='grc' dir='ltr'><strong><em>αὐτῆς,</em></strong></span> <span class='ocrx_word' id='word_1_73' title='bbox 779 1133 862 1205; x_wconf 87' lang='grc' dir='ltr'><strong><em>ἀλλά</em></strong></span> <span class='ocrx_word' id='word_1_74' title='bbox 889 1133 950 1224; x_wconf 79' lang='grc' dir='ltr'><strong><em>μὴ·</em></strong></span> <span class='ocrx_word' id='word_1_75' title='bbox 966 1137 1029 1204; x_wconf 83' lang='grc' dir='ltr'><strong><em>τοῦ</em></strong></span> <span class='ocrx_word' id='word_1_76' title='bbox 1056 1135 1123 1204; x_wconf 79' lang='grc' dir='ltr'><strong><em>σοι’-</em></strong></span> 
     </span>
     <span class='ocr_line' id='line_1_11' title="bbox 105 1237 1160 1333; baseline -0.002 -23"><span class='ocrx_word' id='word_1_77' title='bbox 105 1270 208 1330; x_wconf 87' lang='grc' dir='ltr'><strong><em>ματος</em></strong></span> <span class='ocrx_word' id='word_1_78' title='bbox 239 1245 298 1330; x_wconf 81' lang='grc' dir='ltr'><strong><em>τῆς</em></strong></span> <span class='ocrx_word' id='word_1_79' title='bbox 330 1239 513 1330; x_wconf 79' lang='grc' dir='ltr'><strong><em>ἀσφαλείας</em></strong></span> <span class='ocrx_word' id='word_1_80' title='bbox 544 1242 734 1332; x_wconf 80' lang='grc' dir='ltr'><strong><em>ποιήσαιτο,</em></strong></span> <span class='ocrx_word' id='word_1_81' title='bbox 766 1240 851 1333; x_wconf 87' lang='grc' dir='ltr'><strong><em>πρὸς</em></strong></span> <span class='ocrx_word' id='word_1_82' title='bbox 882 1241 919 1310; x_wconf 72' lang='grc' dir='ltr'><strong><em>δὲ</em></strong></span> <span class='ocrx_word' id='word_1_83' title='bbox 952 1242 1008 1311; x_wconf 85' lang='grc' dir='ltr'><strong><em>καλ</em></strong></span> <span class='ocrx_word' id='word_1_84' title='bbox 1036 1237 1121 1311; x_wconf 78' lang='grc' dir='ltr'><strong><em>αὐτὸ</em></strong></span> <span class='ocrx_word' id='word_1_85' title='bbox 1138 1269 1160 1308; x_wconf 81' lang='grc' dir='ltr'><strong><em>ιο</em></strong></span> 
     </span>
     <span class='ocr_line' id='line_1_12' title="bbox 105 1348 1123 1439; baseline 0.001 -23"><span class='ocrx_word' id='word_1_86' title='bbox 105 1348 143 1416; x_wconf 89' lang='grc' dir='ltr'><strong><em>τὸ</em></strong></span> <span class='ocrx_word' id='word_1_87' title='bbox 173 1352 268 1435; x_wconf 76' lang='grc' dir='ltr'><strong><em>σῶμα</em></strong></span> <span class='ocrx_word' id='word_1_88' title='bbox 296 1355 445 1438; x_wconf 82' lang='grc' dir='ltr'><strong><em>μείζονος</em></strong></span> <span class='ocrx_word' id='word_1_89' title='bbox 463 1350 519 1417; x_wconf 84' lang='grc' dir='ltr'><strong><em>καὶ</em></strong></span> <span class='ocrx_word' id='word_1_90' title='bbox 538 1352 817 1439; x_wconf 80' lang='grc' dir='ltr'><strong><em>θαυμασιωτέρας</em></strong></span> <span class='ocrx_word' id='word_1_91' title='bbox 843 1355 999 1436; x_wconf 93' lang='grc' dir='ltr'><strong><em>φαίνεται</em></strong></span> <span class='ocrx_word' id='word_1_92' title='bbox 1027 1357 1123 1437; x_wconf 93' lang='grc' dir='ltr'><strong><em>λελη-</em></strong></span> 
     </span>
     <span class='ocr_line' id='line_1_13' title="bbox 66 1450 1122 1547; baseline 0.001 -24"><span class='ocrx_word' id='word_1_93' title='bbox 66 1455 218 1547; x_wconf 72' lang='grc' dir='ltr'><strong><em>Βθότως</em></strong></span> <span class='ocrx_word' id='word_1_94' title='bbox 245 1457 303 1542; x_wconf 80' lang='grc' dir='ltr'><strong><em>τῆς</em></strong></span> <span class='ocrx_word' id='word_1_95' title='bbox 322 1451 483 1542; x_wconf 79' lang='grc' dir='ltr'><strong><em>ἀφελείας</em></strong></span> <span class='ocrx_word' id='word_1_96' title='bbox 505 1456 763 1543; x_wconf 81' lang='grc' dir='ltr'><strong><em>μεταλαγχάνον.</em></strong></span> <span class='ocrx_word' id='word_1_97' title='bbox 801 1452 883 1524; x_wconf 85' lang='grc' dir='ltr'><strong><em>ὅταν</em></strong></span> <span class='ocrx_word' id='word_1_98' title='bbox 906 1453 971 1544; x_wconf 78' lang='grc' dir='ltr'><strong><em>γὰρ</em></strong></span> <span class='ocrx_word' id='word_1_99' title='bbox 989 1450 1010 1544; x_wconf 82' lang='grc' dir='ltr'><em>ἡ</em></span> <span class='ocrx_word' id='word_1_100' title='bbox 1029 1453 1122 1543; x_wconf 80' lang='grc' dir='ltr'><strong><em>ψυχὴ</em></strong></span> 
     </span>
     <span class='ocr_line' id='line_1_14' title="bbox 106 1558 1124 1653; baseline 0 -24"><span class='ocrx_word' id='word_1_101' title='bbox 106 1565 218 1630; x_wconf 82' lang='grc' dir='ltr'><strong><em>πᾶσαν</em></strong></span> <span class='ocrx_word' id='word_1_102' title='bbox 251 1560 374 1650; x_wconf 81' lang='grc' dir='ltr'><strong><em>ἑαυτὴν</em></strong></span> <span class='ocrx_word' id='word_1_103' title='bbox 406 1564 454 1653; x_wconf 74' lang='grc' dir='ltr'><strong><em>δῷ</em></strong></span> <span class='ocrx_word' id='word_1_104' title='bbox 487 1576 557 1643; x_wconf 90' lang='grc' dir='ltr'><strong><em>τοῖς</em></strong></span> <span class='ocrx_word' id='word_1_105' title='bbox 588 1572 697 1647; x_wconf 83' lang='grc' dir='ltr'><strong><em>θεοῖς,</em></strong></span> <span class='ocrx_word' id='word_1_106' title='bbox 730 1559 793 1631; x_wconf 84' lang='grc' dir='ltr'><strong><em>ὅλα</em></strong></span> <span class='ocrx_word' id='word_1_107' title='bbox 819 1560 860 1630; x_wconf 82' lang='grc' dir='ltr'><strong><em>τὰ</em></strong></span> <span class='ocrx_word' id='word_1_108' title='bbox 887 1558 968 1631; x_wconf 86' lang='grc' dir='ltr'><strong><em>καθ’</em></strong></span> <span class='ocrx_word' id='word_1_109' title='bbox 999 1559 1124 1648; x_wconf 76' lang='grc' dir='ltr'><strong><em>ἑαυτὴν</em></strong></span> 
     </span>
     <span class='ocr_line' id='line_1_15' title="bbox 108 1663 1123 1757; baseline 0 -22"><span class='ocrx_word' id='word_1_110' title='bbox 108 1669 310 1756; x_wconf 75' lang='grc' dir='ltr'><strong><em>ἐπιτρέψασα</em></strong></span> <span class='ocrx_word' id='word_1_111' title='bbox 337 1682 407 1749; x_wconf 90' lang='grc' dir='ltr'><strong><em>τοῖς</em></strong></span> <span class='ocrx_word' id='word_1_112' title='bbox 433 1675 630 1757; x_wconf 83' lang='grc' dir='ltr'><strong><em>κρείττοσιν,</em></strong></span> <span class='ocrx_word' id='word_1_113' title='bbox 659 1669 821 1756; x_wconf 80' lang='grc' dir='ltr'><strong><em>ἑπομένης</em></strong></span> <span class='ocrx_word' id='word_1_114' title='bbox 848 1664 941 1756; x_wconf 85' lang='grc' dir='ltr'><strong><em>οἶμαι</em></strong></span> <span class='ocrx_word' id='word_1_115' title='bbox 962 1670 1021 1756; x_wconf 79' lang='grc' dir='ltr'><strong><em>τῆς</em></strong></span> <span class='ocrx_word' id='word_1_116' title='bbox 1049 1663 1123 1753; x_wconf 85' lang='grc' dir='ltr'><strong><em>ἀγι-</em></strong></span> 
     </span>
     <span class='ocr_line' id='line_1_16' title="bbox 107 1770 1162 1864; baseline -0.002 -22"><span class='ocrx_word' id='word_1_117' title='bbox 107 1780 217 1855; x_wconf 89' lang='grc' dir='ltr'><strong><em>στείας</em></strong></span> <span class='ocrx_word' id='word_1_118' title='bbox 243 1775 299 1843; x_wconf 83' lang='grc' dir='ltr'><strong><em>καί</em></strong></span> <span class='ocrx_word' id='word_1_119' title='bbox 326 1773 392 1864; x_wconf 88' lang='grc' dir='ltr'><strong><em>πρό</em></strong></span> <span class='ocrx_word' id='word_1_120' title='bbox 420 1802 456 1860; x_wconf 97' lang='grc' dir='ltr'><strong><em>γε</em></strong></span> <span class='ocrx_word' id='word_1_121' title='bbox 484 1774 606 1864; x_wconf 82' lang='grc' dir='ltr'><strong><em>τολάτης</em></strong></span> <span class='ocrx_word' id='word_1_122' title='bbox 623 1778 692 1843; x_wconf 73' lang='grc' dir='ltr'><strong><em>τῶν</em></strong></span> <span class='ocrx_word' id='word_1_123' title='bbox 718 1773 825 1844; x_wconf 84' lang='grc' dir='ltr'><strong><em>θείων</em></strong></span> <span class='ocrx_word' id='word_1_124' title='bbox 850 1777 990 1862; x_wconf 77' lang='grc' dir='ltr'><strong><em>θεσμῶν</em></strong></span> <span class='ocrx_word' id='word_1_125' title='bbox 1017 1770 1122 1862; x_wconf 85' lang='grc' dir='ltr'><strong><em>ἡγον-</em></strong></span> <span class='ocrx_word' id='word_1_126' title='bbox 1138 1799 1162 1840; x_wconf 84' lang='grc' dir='ltr'><strong><em>ιε</em></strong></span> 
     </span>
     <span class='ocr_line' id='line_1_17' title="bbox 106 1877 1123 1971; baseline -0.001 -22"><span class='ocrx_word' id='word_1_127' title='bbox 106 1881 233 1968; x_wconf 80' lang='grc' dir='ltr'><strong><em>μένων,</em></strong></span> <span class='ocrx_word' id='word_1_128' title='bbox 270 1879 367 1962; x_wconf 76' lang='grc' dir='ltr'><strong><em>ὄντος</em></strong></span> <span class='ocrx_word' id='word_1_129' title='bbox 399 1878 540 1962; x_wconf 80' lang='grc' dir='ltr'><strong><em>οὐθενὸς</em></strong></span> <span class='ocrx_word' id='word_1_130' title='bbox 571 1879 691 1951; x_wconf 84' lang='grc' dir='ltr'><strong><em>λοιπὸν</em></strong></span> <span class='ocrx_word' id='word_1_131' title='bbox 709 1885 782 1951; x_wconf 42' lang='grc' dir='ltr'><strong><em>,τοῦ</em></strong></span> <span class='ocrx_word' id='word_1_132' title='bbox 817 1877 1035 1971; x_wconf 78' lang='grc' dir='ltr'><strong><em>ἀπείργοντος</em></strong></span> <span class='ocrx_word' id='word_1_133' title='bbox 1066 1883 1123 1949; x_wconf 79' lang='grc' dir='ltr'><strong><em>καὶ</em></strong></span> 
     </span>
     <span class='ocr_line' id='line_1_18' title="bbox 107 1988 1124 2077; baseline -0.001 -22"><span class='ocrx_word' id='word_1_134' title='bbox 107 1989 352 2075; x_wconf 81' lang='grc' dir='ltr'><strong><em>ἐμποδίζοντος·</em></strong></span> <span class='ocrx_word' id='word_1_135' title='bbox 389 1988 497 2057; x_wconf 77' lang='grc' dir='ltr'><strong><em>πάντα</em></strong></span> <span class='ocrx_word' id='word_1_136' title='bbox 535 1988 598 2077; x_wconf 87' lang='grc' dir='ltr'><strong><em>γάρ</em></strong></span> <span class='ocrx_word' id='word_1_137' title='bbox 635 1992 726 2058; x_wconf 78' lang='grc' dir='ltr'><strong><em>ἐστιν</em></strong></span> <span class='ocrx_word' id='word_1_138' title='bbox 762 1991 800 2056; x_wconf 84' lang='grc' dir='ltr'><strong><em>ἐν</em></strong></span> <span class='ocrx_word' id='word_1_139' title='bbox 834 1988 905 2069; x_wconf 86' lang='grc' dir='ltr'><strong><em>τοῖς</em></strong></span> <span class='ocrx_word' id='word_1_140' title='bbox 940 1998 1035 2067; x_wconf 87' lang='grc' dir='ltr'><strong><em>θεοῖς</em></strong></span> <span class='ocrx_word' id='word_1_141' title='bbox 1066 1989 1124 2056; x_wconf 79' lang='grc' dir='ltr'><strong><em>καὶ</em></strong></span> 
     </span>
     <span class='ocr_line' id='line_1_19' title="bbox 107 2090 1124 2184; baseline 0 -22"><span class='ocrx_word' id='word_1_142' title='bbox 107 2094 216 2162; x_wconf 78' lang='grc' dir='ltr'><strong><em>πάντα</em></strong></span> <span class='ocrx_word' id='word_1_143' title='bbox 243 2096 319 2184; x_wconf 83' lang='grc' dir='ltr'><strong><em>περί</em></strong></span> <span class='ocrx_word' id='word_1_144' title='bbox 351 2091 476 2177; x_wconf 80' lang='grc' dir='ltr'><strong><em>αὐτοὺς</em></strong></span> <span class='ocrx_word' id='word_1_145' title='bbox 507 2090 674 2183; x_wconf 81' lang='grc' dir='ltr'><strong><em>ὑφέστηκε</em></strong></span> <span class='ocrx_word' id='word_1_146' title='bbox 705 2094 762 2164; x_wconf 83' lang='grc' dir='ltr'><strong><em>καί</em></strong></span> <span class='ocrx_word' id='word_1_147' title='bbox 793 2094 902 2164; x_wconf 76' lang='grc' dir='ltr'><strong><em>πάντα</em></strong></span> <span class='ocrx_word' id='word_1_148' title='bbox 933 2096 1003 2163; x_wconf 76' lang='grc' dir='ltr'><strong><em>τῶν</em></strong></span> <span class='ocrx_word' id='word_1_149' title='bbox 1028 2096 1124 2162; x_wconf 74' lang='grc' dir='ltr'><strong><em>θεῶν</em></strong></span> 
     </span>
     <span class='ocr_line' id='line_1_20' title="bbox 108 2198 1125 2291; baseline 0.001 -24"><span class='ocrx_word' id='word_1_150' title='bbox 108 2202 176 2268; x_wconf 82' lang='grc' dir='ltr'><strong><em>ἐστι</em></strong></span> <span class='ocrx_word' id='word_1_151' title='bbox 208 2201 329 2291; x_wconf 80' lang='grc' dir='ltr'><strong><em>πλήρη·</em></strong></span> <span class='ocrx_word' id='word_1_152' title='bbox 367 2198 487 2270; x_wconf 79' lang='grc' dir='ltr'><strong><em>αὐτίκα</em></strong></span> <span class='ocrx_word' id='word_1_153' title='bbox 519 2201 582 2289; x_wconf 73' lang='grc' dir='ltr'><strong><em>μὲν</em></strong></span> <span class='ocrx_word' id='word_1_154' title='bbox 613 2198 731 2282; x_wconf 75' lang='grc' dir='ltr'><strong><em>αὐτοῖς</em></strong></span> <span class='ocrx_word' id='word_1_155' title='bbox 767 2200 922 2288; x_wconf 80' lang='grc' dir='ltr'><strong><em>ἐλλάμπει</em></strong></span> <span class='ocrx_word' id='word_1_156' title='bbox 953 2198 991 2269; x_wconf 90' lang='grc' dir='ltr'><strong><em>τὸ</em></strong></span> <span class='ocrx_word' id='word_1_157' title='bbox 1023 2210 1125 2269; x_wconf 86' lang='grc' dir='ltr'><strong><em>θεῖον</em></strong></span> 
     </span>
     <span class='ocr_line' id='line_1_21' title="bbox 108 2299 1163 2395; baseline -0.003 -19"><span class='ocrx_word' id='word_1_158' title='bbox 108 2311 195 2394; x_wconf 78' lang='grc' dir='ltr'><strong><em>φῶς,</em></strong></span> <span class='ocrx_word' id='word_1_159' title='bbox 231 2318 416 2377; x_wconf 87' lang='grc' dir='ltr'><strong><em>θεωθεῖσαι</em></strong></span> <span class='ocrx_word' id='word_1_160' title='bbox 453 2308 489 2377; x_wconf 73' lang='grc' dir='ltr'><strong><em>δὲ</em></strong></span> <span class='ocrx_word' id='word_1_161' title='bbox 522 2299 621 2376; x_wconf 83' lang='grc' dir='ltr'><strong><em>αὗται</em></strong></span> <span class='ocrx_word' id='word_1_162' title='bbox 661 2307 763 2377; x_wconf 92' lang='grc' dir='ltr'><strong><em>τόνον</em></strong></span> <span class='ocrx_word' id='word_1_163' title='bbox 798 2304 875 2376; x_wconf 88' lang='grc' dir='ltr'><strong><em>τινά</em></strong></span> <span class='ocrx_word' id='word_1_164' title='bbox 911 2307 967 2375; x_wconf 79' lang='grc' dir='ltr'><strong><em>καὶ</em></strong></span> <span class='ocrx_word' id='word_1_165' title='bbox 1005 2305 1125 2395; x_wconf 71' lang='grc' dir='ltr'><strong><em>ῥώμην</em></strong></span> <span class='ocrx_word' id='word_1_166' title='bbox 1139 2333 1163 2373; x_wconf 85' lang='grc' dir='ltr'><strong><em>εο</em></strong></span> 
     </span>
     <span class='ocr_line' id='line_1_22' title="bbox 69 2408 1124 2506; baseline -0.005 -20"><span class='ocrx_word' id='word_1_167' title='bbox 69 2415 293 2486; x_wconf 79' lang='grc' dir='ltr'><strong><em>Οίπιτιθίασι</em></strong></span> <span class='ocrx_word' id='word_1_168' title='bbox 320 2416 365 2505; x_wconf 75' lang='grc' dir='ltr'><strong><em>τῷ</em></strong></span> <span class='ocrx_word' id='word_1_169' title='bbox 394 2413 559 2506; x_wconf 76' lang='grc' dir='ltr'><strong><em>συμφύτῳ</em></strong></span> <span class='ocrx_word' id='word_1_170' title='bbox 587 2414 759 2503; x_wconf 85' lang='grc' dir='ltr'><strong><em>πνεύματι,</em></strong></span> <span class='ocrx_word' id='word_1_171' title='bbox 786 2417 886 2483; x_wconf 82' lang='grc' dir='ltr'><strong><em>τοῦτο</em></strong></span> <span class='ocrx_word' id='word_1_172' title='bbox 906 2412 944 2482; x_wconf 64' lang='grc' dir='ltr'><strong><em>δὲ</em></strong></span> <span class='ocrx_word' id='word_1_173' title='bbox 971 2408 1030 2482; x_wconf 79' lang='grc' dir='ltr'><strong><em>ὑπ’</em></strong></span> <span class='ocrx_word' id='word_1_174' title='bbox 1061 2410 1124 2481; x_wconf 82' lang='grc' dir='ltr'><strong><em>αὐ-</em></strong></span> 
     </span>
     <span class='ocr_line' id='line_1_23' title="bbox 106 2518 1127 2610; baseline 0 -23"><span class='ocrx_word' id='word_1_175' title='bbox 106 2522 174 2587; x_wconf 78' lang='grc' dir='ltr'><strong><em>τῶν</em></strong></span> <span class='ocrx_word' id='word_1_176' title='bbox 202 2520 430 2609; x_wconf 86' lang='grc' dir='ltr'><strong><em>στομούμενον</em></strong></span> <span class='ocrx_word' id='word_1_177' title='bbox 458 2518 567 2610; x_wconf 78' lang='grc' dir='ltr'><strong><em>ὥσπερ</em></strong></span> <span class='ocrx_word' id='word_1_178' title='bbox 594 2523 650 2590; x_wconf 83' lang='grc' dir='ltr'><strong><em>καλ</em></strong></span> <span class='ocrx_word' id='word_1_179' title='bbox 676 2520 930 2610; x_wconf 88' lang='grc' dir='ltr'><strong><em>κρατυνόμενον</em></strong></span> <span class='ocrx_word' id='word_1_180' title='bbox 957 2525 1127 2608; x_wconf 85' lang='grc' dir='ltr'><strong><em>σωτηρίας</em></strong></span> 
     </span>
     <span class='ocr_line' id='line_1_24' title="bbox 107 2623 1126 2719; baseline 0.002 -27"><span class='ocrx_word' id='word_1_181' title='bbox 107 2627 198 2694; x_wconf 83' lang='grc' dir='ltr'><strong><em>ἐστὶν</em></strong></span> <span class='ocrx_word' id='word_1_182' title='bbox 225 2636 334 2696; x_wconf 91' lang='grc' dir='ltr'><strong><em>αίτιον</em></strong></span> <span class='ocrx_word' id='word_1_183' title='bbox 361 2624 429 2719; x_wconf 80' lang='grc' dir='ltr'><strong><em>’ὅλφ</em></strong></span> <span class='ocrx_word' id='word_1_184' title='bbox 447 2630 493 2719; x_wconf 80' lang='grc' dir='ltr'><strong><em>τῷ</em></strong></span> <span class='ocrx_word' id='word_1_185' title='bbox 521 2626 656 2716; x_wconf 77' lang='grc' dir='ltr'><strong><em>σώματι.</em></strong></span> <span class='ocrx_word' id='word_1_186' title='bbox 697 2626 735 2697; x_wconf 83' lang='grc' dir='ltr'><strong><em>τὸ</em></strong></span> <span class='ocrx_word' id='word_1_187' title='bbox 766 2626 804 2696; x_wconf 68' lang='grc' dir='ltr'><strong><em>δὲ</em></strong></span> <span class='ocrx_word' id='word_1_188' title='bbox 822 2623 874 2696; x_wconf 83' lang='grc' dir='ltr'><strong><em>ὅτι</em></strong></span> <span class='ocrx_word' id='word_1_189' title='bbox 901 2625 1043 2714; x_wconf 81' lang='grc' dir='ltr'><strong><em>μάλιστα</em></strong></span> <span class='ocrx_word' id='word_1_190' title='bbox 1062 2624 1126 2712; x_wconf 73' lang='grc' dir='ltr'><strong><em>μὲν</em></strong></span> 
     </span>
     <span class='ocr_line' id='line_1_25' title="bbox 106 2730 1124 2823; baseline -0.002 -22"><span class='ocrx_word' id='word_1_191' title='bbox 106 2732 214 2813; x_wconf 82' lang='grc' dir='ltr'><strong><em>πάσας</em></strong></span> <span class='ocrx_word' id='word_1_192' title='bbox 241 2731 299 2814; x_wconf 83' lang='grc' dir='ltr'><strong><em>τὰς</em></strong></span> <span class='ocrx_word' id='word_1_193' title='bbox 330 2731 468 2820; x_wconf 90' lang='grc' dir='ltr'><strong><em>νόσους,</em></strong></span> <span class='ocrx_word' id='word_1_194' title='bbox 501 2739 533 2802; x_wconf 88' lang='grc' dir='ltr'><strong><em>εί</em></strong></span> <span class='ocrx_word' id='word_1_195' title='bbox 559 2734 595 2803; x_wconf 73' lang='grc' dir='ltr'><strong><em>δὲ</em></strong></span> <span class='ocrx_word' id='word_1_196' title='bbox 622 2733 682 2823; x_wconf 83' lang='grc' dir='ltr'><strong><em>μη,</em></strong></span> <span class='ocrx_word' id='word_1_197' title='bbox 716 2731 767 2803; x_wconf 80' lang='grc' dir='ltr'><strong><em>ὅτι</em></strong></span> <span class='ocrx_word' id='word_1_198' title='bbox 795 2730 854 2814; x_wconf 80' lang='grc' dir='ltr'><strong><em>τὰς</em></strong></span> <span class='ocrx_word' id='word_1_199' title='bbox 885 2738 1040 2813; x_wconf 84' lang='grc' dir='ltr'><strong><em>πλείστας</em></strong></span> <span class='ocrx_word' id='word_1_200' title='bbox 1067 2732 1124 2800; x_wconf 74' lang='grc' dir='ltr'><strong><em>καὶ</em></strong></span> 
     </span>
     <span class='ocr_line' id='line_1_26' title="bbox 107 2837 1163 2929; baseline 0 -23"><span class='ocrx_word' id='word_1_201' title='bbox 107 2845 262 2926; x_wconf 82' lang='grc' dir='ltr'><strong><em>μεγίστας</em></strong></span> <span class='ocrx_word' id='word_1_202' title='bbox 298 2843 333 2908; x_wconf 81' lang='grc' dir='ltr'><strong><em>ἐκ</em></strong></span> <span class='ocrx_word' id='word_1_203' title='bbox 369 2843 427 2928; x_wconf 77' lang='grc' dir='ltr'><strong><em>τῆς</em></strong></span> <span class='ocrx_word' id='word_1_204' title='bbox 463 2843 524 2910; x_wconf 83' lang='grc' dir='ltr'><strong><em>τοῦ</em></strong></span> <span class='ocrx_word' id='word_1_205' title='bbox 559 2840 746 2929; x_wconf 67' lang='grc' dir='ltr'><strong><em>πνεύματος</em></strong></span> <span class='ocrx_word' id='word_1_206' title='bbox 783 2837 870 2909; x_wconf 74' lang='grc' dir='ltr'><strong><em>εἶναι</em></strong></span> <span class='ocrx_word' id='word_1_207' title='bbox 905 2841 1031 2927; x_wconf 76' lang='grc' dir='ltr'><strong><em>τροπῆς</em></strong></span> <span class='ocrx_word' id='word_1_208' title='bbox 1066 2838 1163 2907; x_wconf 79' lang='grc' dir='ltr'><strong><em>καίεο</em></strong></span> 
     </span>
     <span class='ocr_line' id='line_1_27' title="bbox 107 2941 1122 3036; baseline 0.001 -24"><span class='ocrx_word' id='word_1_209' title='bbox 107 2949 305 3035; x_wconf 85' lang='grc' dir='ltr'><strong><em>παραφορᾶς</em></strong></span> <span class='ocrx_word' id='word_1_210' title='bbox 320 2949 539 3036; x_wconf 79' lang='grc' dir='ltr'><strong><em>συμβέβηκεν,</em></strong></span> <span class='ocrx_word' id='word_1_211' title='bbox 559 2943 673 3028; x_wconf 75' lang='grc' dir='ltr'><strong><em>οὐδεὶς</em></strong></span> <span class='ocrx_word' id='word_1_212' title='bbox 691 2944 782 3028; x_wconf 78' lang='grc' dir='ltr'><strong><em>ὅστις</em></strong></span> <span class='ocrx_word' id='word_1_213' title='bbox 797 2943 890 3035; x_wconf 79' lang='grc' dir='ltr'><strong><em>οἶμαι</em></strong></span> <span class='ocrx_word' id='word_1_214' title='bbox 902 2948 971 3013; x_wconf 81' lang='grc' dir='ltr'><strong><em>τῶν</em></strong></span> <span class='ocrx_word' id='word_1_215' title='bbox 988 2941 1122 3032; x_wconf 85' lang='grc' dir='ltr'><strong><em>Ἀσκλη·</em></strong></span> 
     </span>
     <span class='ocr_line' id='line_1_28' title="bbox 107 3050 1125 3143; baseline 0 -24"><span class='ocrx_word' id='word_1_216' title='bbox 107 3056 238 3122; x_wconf 73' lang='grc' dir='ltr'><strong><em>πιαδεῖυ</em></strong></span> <span class='ocrx_word' id='word_1_217' title='bbox 266 3050 309 3122; x_wconf 79' lang='grc' dir='ltr'><strong><em>οὐ</em></strong></span> <span class='ocrx_word' id='word_1_218' title='bbox 335 3053 482 3141; x_wconf 82' lang='grc' dir='ltr'><strong><em>φήσειεν.</em></strong></span> <span class='ocrx_word' id='word_1_219' title='bbox 533 3057 569 3122; x_wconf 88' lang='grc' dir='ltr'><strong><em>οί</em></strong></span> <span class='ocrx_word' id='word_1_220' title='bbox 593 3053 655 3140; x_wconf 78' lang='grc' dir='ltr'><strong><em>μὲν</em></strong></span> <span class='ocrx_word' id='word_1_221' title='bbox 682 3050 746 3143; x_wconf 80' lang='grc' dir='ltr'><strong><em>γὰρ</em></strong></span> <span class='ocrx_word' id='word_1_222' title='bbox 777 3053 833 3122; x_wconf 82' lang='grc' dir='ltr'><strong><em>καὶ</em></strong></span> <span class='ocrx_word' id='word_1_223' title='bbox 865 3051 974 3131; x_wconf 80' lang='grc' dir='ltr'><strong><em>πείσας</em></strong></span> <span class='ocrx_word' id='word_1_224' title='bbox 1005 3057 1125 3139; x_wconf 88' lang='grc' dir='ltr'><strong><em>φασίν,</em></strong></span> 
     </span>
     <span class='ocr_line' id='line_1_29' title="bbox 109 3157 1126 3248; baseline 0.001 -22"><span class='ocrx_word' id='word_1_225' title='bbox 109 3163 145 3226; x_wconf 89' lang='grc' dir='ltr'><strong><em>οί</em></strong></span> <span class='ocrx_word' id='word_1_226' title='bbox 169 3158 206 3227; x_wconf 72' lang='grc' dir='ltr'><strong><em>δὲ</em></strong></span> <span class='ocrx_word' id='word_1_227' title='bbox 233 3157 293 3240; x_wconf 85' lang='grc' dir='ltr'><strong><em>τὰς</em></strong></span> <span class='ocrx_word' id='word_1_228' title='bbox 318 3167 473 3241; x_wconf 83' lang='grc' dir='ltr'><strong><em>πλείστας</em></strong></span> <span class='ocrx_word' id='word_1_229' title='bbox 504 3160 560 3229; x_wconf 80' lang='grc' dir='ltr'><strong><em>καὶ</em></strong></span> <span class='ocrx_word' id='word_1_230' title='bbox 588 3166 745 3248; x_wconf 82' lang='grc' dir='ltr'><strong><em>μεγίστας</em></strong></span> <span class='ocrx_word' id='word_1_231' title='bbox 775 3159 832 3229; x_wconf 75' lang='grc' dir='ltr'><strong><em>καὶ</em></strong></span> <span class='ocrx_word' id='word_1_232' title='bbox 860 3160 1001 3246; x_wconf 80' lang='grc' dir='ltr'><strong><em>ίαθῆναι</em></strong></span> <span class='ocrx_word' id='word_1_233' title='bbox 1029 3165 1126 3244; x_wconf 72' lang='grc' dir='ltr'><strong><em>χαλε-</em></strong></span> 
     </span>
    </p>
   </div>
   <div class='ocr_carea' id='block_1_3' title="bbox 193 3388 1128 3520">
    <p class='ocr_par' dir='ltr' id='par_1_3' title="bbox 193 3388 1128 3520">
     <span class='ocr_line' id='line_1_30' title="bbox 193 3388 1128 3520; baseline -0.004 -67"><span class='ocrx_word' id='word_1_234' title='bbox 193 3406 209 3453; x_wconf 87' lang='grc'>3</span> <span class='ocrx_word' id='word_1_235' title='bbox 227 3400 409 3483; x_wconf 80' lang='grc' dir='ltr'><strong><em>ουγγωροίη]</em></strong></span> <span class='ocrx_word' id='word_1_236' title='bbox 438 3417 509 3481; x_wconf 76' lang='grc' dir='ltr'><strong><em>συγη</em></strong></span> <span class='ocrx_word' id='word_1_237' title='bbox 510 3405 580 3466; x_wconf 86' lang='grc' dir='ltr'><strong><em>ωρεῖ</em></strong></span> <span class='ocrx_word' id='word_1_238' title='bbox 595 3401 623 3451; x_wconf 83' lang='grc' dir='ltr'><strong>Η</strong></span> <span class='ocrx_word' id='word_1_239' title='bbox 708 3404 725 3453; x_wconf 80' lang='grc'>9</span> <span class='ocrx_word' id='word_1_240' title='bbox 735 3390 842 3520; x_wconf 45' lang='lat' dir='ltr'><strong><em>gaisae</em></strong></span> <span class='ocrx_word' id='word_1_241' title='bbox 866 3395 922 3518; x_wconf 47' lang='lat' dir='ltr'><strong><em>H}</em></strong></span> <span class='ocrx_word' id='word_1_242' title='bbox 934 3388 1024 3464; x_wconf 74' lang='grc' dir='ltr'><strong><em>αὐτῆς</em></strong></span> <span class='ocrx_word' id='word_1_243' title='bbox 1094 3401 1128 3476; x_wconf 63' lang='grc' dir='ltr'><strong><em>κβ</em></strong></span> 
     </span>
    </p>
   </div>
   <div class='ocr_carea' id='block_1_4' title="bbox 108 3461 867 3549">
    <p class='ocr_par' dir='ltr' id='par_1_4' title="bbox 108 3461 867 3549">
     <span class='ocr_line' id='line_1_31' title="bbox 108 3461 867 3549; baseline -0.001 -30"><span class='ocrx_word' id='word_1_244' title='bbox 108 3465 323 3535; x_wconf 82' lang='grc' dir='ltr'><strong><em>κρατυνόμενον</em></strong></span> <span class='ocrx_word' id='word_1_245' title='bbox 328 3468 377 3549; x_wconf 89' lang='grc' dir='ltr'><strong><em>Η]</em></strong></span> <span class='ocrx_word' id='word_1_246' title='bbox 396 3485 592 3536; x_wconf 84' lang='grc' dir='ltr'><strong><em>κρατουμενον</em></strong></span> <span class='ocrx_word' id='word_1_247' title='bbox 678 3472 712 3522; x_wconf 79' lang='lat'><strong><em>23</em></strong></span> <span class='ocrx_word' id='word_1_248' title='bbox 735 3461 814 3520; x_wconf 73' lang='grc' dir='ltr'><strong><em>ἐστίν</em></strong></span> <span class='ocrx_word' id='word_1_249' title='bbox 834 3465 867 3534; x_wconf 91' lang='lat' dir='ltr'><strong><em>V]</em></strong></span> 
     </span>
    </p>
   </div>
   <div class='ocr_carea' id='block_1_5' title="bbox 107 3467 1144 3606">
    <p class='ocr_par' dir='ltr' id='par_1_5' title="bbox 107 3467 1144 3606">
     <span class='ocr_line' id='line_1_32' title="bbox 107 3467 1144 3606; baseline -0.005 -18"><span class='ocrx_word' id='word_1_250' title='bbox 107 3535 198 3605; x_wconf 80' lang='grc' dir='ltr'><strong><em>σειεν]</em></strong></span> <span class='ocrx_word' id='word_1_251' title='bbox 219 3542 275 3590; x_wconf 83' lang='lat' dir='ltr'><strong><em>Aut</em></strong></span> <span class='ocrx_word' id='word_1_252' title='bbox 292 3529 379 3606; x_wconf 79' lang='grc' dir='ltr'><strong><em>φήσει</em></strong></span> <span class='ocrx_word' id='word_1_253' title='bbox 397 3537 573 3591; x_wconf 72' lang='lat' dir='ltr'><strong>scribendum</strong></span> <span class='ocrx_word' id='word_1_254' title='bbox 591 3544 640 3590; x_wconf 78' lang='lat' dir='ltr'><strong><em>aut</em></strong></span> <span class='ocrx_word' id='word_1_255' title='bbox 657 3528 695 3589; x_wconf 74' lang='grc' dir='ltr'><strong><em>ἄν</em></strong></span> <span class='ocrx_word' id='word_1_256' title='bbox 713 3535 870 3589; x_wconf 71' lang='lat' dir='ltr'><strong>addendum</strong></span> <span class='ocrx_word' id='word_1_257' title='bbox 913 3483 926 3520; x_wconf 55' lang='grc' dir='ltr'><em>ε</em></span> <span class='ocrx_word' id='word_1_258' title='bbox 1012 3467 1046 3517; x_wconf 49' lang='lat'><strong><em>27</em></strong></span> <span class='ocrx_word' id='word_1_259' title='bbox 1069 3481 1144 3583; x_wconf 60' lang='grc' dir='ltr'><strong><em>φη,</em></strong></span> 
     </span>
    </p>
   </div>
   <div class='ocr_carea' id='block_1_6' title="bbox 0 0 1202 3960">
    <p class='ocr_par' dir='ltr' id='par_1_6' title="bbox 0 0 1202 3960">
     <span class='ocr_line' id='line_1_33' title="bbox 0 0 1202 3960; baseline 0 0"><span class='ocrx_word' id='word_1_260' title='bbox 0 0 1202 3960; x_wconf 95' lang='lat' dir='ltr'><strong><em> </em></strong></span> 
     </span>
    </p>
   </div>
  </div>
 </body>
</html>
