2392 3960
104 110 167 174 330
216 120 222 127 ¹
410 112 551 163 IULIANI
570 110 816 163 ιιιεεειεοειε

106 240 166 318 ἔξω
194 238 367 323 θαλάσσης
399 235 566 323 ἅψασθαι,
599 237 654 305 καὶ
682 240 760 305 Νῦν
788 235 849 323 μέν
882 232 963 328 ὁρᾷς
991 232 1009 305 ό
1037 261 1117 327 προ-

105 344 211 432 φήτης
248 347 338 429 λέγοι
373 350 463 431 τείχη
500 345 556 411 καὶ
589 344 737 430 λιμένας,
770 345 839 411 έκεῖ
869 342 906 412 δέ
938 343 1118 429 γενόμενος
1150 398 1153 403 .

106 447 187 518 οῦδὲ
215 448 357 518 σκοπιάν
385 446 464 518 ούθέ
487 451 612 538 πέτραν
640 446 725 535 ὄψει,
754 445 825 518 ἀλλ’
856 445 1036 537 ἀγαπήσεις
1064 451 1117 517 καὶ

105 559 193 623 ναῦν
220 555 399 645 πόρρωθεν
422 554 569 624 κατιὸῶν
586 570 780 644 προσειπεῖν
802 554 882 636 τούς
908 557 1118 643 ἐμπλέοντας,

105 664 160 729 καὶ
193 665 251 748 της
284 665 344 749 γῆς
376 658 440 743 ὀψέ
469 688 560 765 ποτεΙ
581 657 750 749 ἁψόμενος
781 665 826 753 τῷ
858 665 929 753 θεῷ
960 661 1139 742 πολλάκιςι

107 768 313 856 (προσεύξῃ),
341 766 424 857 πρὸς
443 765 532 860 αύτῶ
552 771 636 853 γοῦν
654 771 700 859 τῶ
718 769 802 852 τέλει
820 771 882 837 τοῦ
900 773 979 854 βίου
1006 783 1118 856 τυχεῖν

53 871 221 963 νοοόρμου
248 876 304 942 καὶ
331 875 395 961 τήν
420 901 456 942 τε
483 877 570 942 ναῦν
598 873 690 942 σῶαν
717 877 932 963 παραδοῦναι
957 875 1014 942 καὶ
1042 871 1118 955 τούς

105 982 306 1067 ἐμπλέοντας
333 978 475 1060 ἀπαθεῖς
506 995 577 1060 τοῖς
605 985 740 1060 οἰκείοις
771 983 885 1049 κακῶν
911 984 1118 1069 παραστῆσαι

105 1088 160 1153 καὶ
187 1085 225 1154 τὸ
245 1089 339 1173 σῶμα
367 1089 407 1174 τῇ
426 1088 524 1173 μητρὶ
553 1089 594 1174 γῇ
614 1088 747 1172 όοῦναι,
774 1085 930 1155 τοῦτοδὲ
958 1086 1118 1174 ἐσόμενον

106 1201 187 1271 ίσως
215 1189 342 1278 ἀόηλον
370 1198 461 1259 έσται
489 1213 542 1260 σοι
570 1193 665 1281 μέχρι
691 1196 749 1279 τῆς
776 1198 965 1273 τελευταίας
993 1194 1149 1280 έκείνηςιι

105 1294 239 1385 ἡμέρας·
268 1289 322 1386 ἀρ’
354 1307 415 1365 οίει
442 1297 573 1366 τούτων
601 1295 792 1367 ἀκούσαντα
811 1302 879 1366 τῶν
902 1297 1015 1384 λόγων
1040 1301 1117 1368 έκεῖ-

104 1430 167 1471 νον
199 1403 298 1471 πόλιν
330 1406 415 1490 χοῦν
448 1409 553 1472 οἰκεῖν
590 1405 725 1473 ἑλέσθαι
757 1412 900 1491 πλησίον
936 1404 1118 1493 θαλάσσης,

106 1506 180 1596 ούχὶ
210 1509 246 1577 δέ
273 1515 402 1597 χαίρειν
431 1511 567 1578 εἰπόντα
585 1511 718 1600 πλούτῳ
737 1511 882 1591 καὶτοῖς
900 1510 933 1590 έξ
961 1512 1118 1599 ἐμπορίας

106 1611 248 1700 ἀγαθοῖς
276 1619 578 1704 περιχιγνομένοις,
607 1623 786 1704 γνωρίμων
813 1618 961 1703 πολλῶν,
990 1619 1118 1705 ξενικῆς

70 1727 230 1808 Βφιλίας,
259 1723 405 1809 ίστορίας
425 1725 536 1790 ἐθνῶν
555 1722 611 1789 καὶ
629 1722 760 1790 πόλεων
787 1717 989 1811 ὑπεριδόντα
1010 1721 1148 1811 σοφόνο

106 1823 309 1914 ἀποφαίνειν
344 1824 405 1893 τὸν
442 1830 502 1895 τοῦ
535 1830 737 1913 Νεοκλέους,
770 1824 808 1907 ὃς
839 1827 964 1897 κελεύει
1002 1837 1119 1899 λαθεῖν

106 1931 288 2019 βιῶσαντα,
323 1932 378 2000 καὶ
407 1931 449 2000 σῦ
478 1932 515 2005 δέ
543 1939 652 2013 έοικας
679 1936 777 2002 τοῦτο
806 1932 1013 2021 καταμαθὼν
1041 1960 1118 2026 προ-

105 2038 374 2126 καταλαμβάνειν
406 2033 491 2126 ημάς
517 2053 590 2119 ταῖς
622 2044 669 2118 είς
695 2037 756 2106 τὸν
781 2036 980 2128 Ἐπίκουρον
1012 2046 1118 2111 λοιδο-

106 2152 194 2231 ρίαις
226 2147 281 2213 καὶ
317 2147 526 2234 προεξαιρεῖν
562 2143 624 2232 τὴν
661 2145 820 2232 τοιαύτην
856 2144 1003 2233 χνῶμην.
1057 2144 1120 2235 φὴς

43 2341 46 2347 ,
107 2251 171 2340 χάρ
203 2277 270 2319 που
304 2249 427 2338 σχολὴν
459 2253 607 2319 ἐπαινεῖν
640 2247 838 2340 ἀπράχμονα
870 2252 925 2320 καὶ
962 2254 1150 2334 διαλέξειςιι

67 2359 144 2446 Οεύ
171 2358 365 2447 περιποίτοις
396 2357 576 2446 προσήκειν
604 2360 728 2448 ἐκείνω.
773 2355 837 2443 ένῶ
865 2356 903 2426 δὲ
926 2354 977 2426 ὅτι
1000 2358 1064 2446 μὲν
1081 2356 1121 2429 ού

108 2467 216 2543 καλῶς
246 2460 429 2554 Ἐπικούρῳ
462 2466 566 2531 ταῦτα
599 2463 721 2548 ἐδόκει,
758 2463 859 2533 πύλαι
894 2465 950 2532 καί
973 2465 1122 2556 σφόδρα

108 2568 295 2656 πείθομαι4
320 2575 351 2637 εί
377 2568 414 2636 δέ
441 2567 546 2638 πάνθ’
578 2566 736 2638 ὁντινοῦν
763 2570 816 2638 ἐπὶ
844 2576 1015 2639 πολιτείαν
1042 2596 1121 2661 προ-

109 2676 241 2763 τρέπειν
278 2673 392 2760 ἀξιον,
429 2677 484 2742 καὶ
521 2673 582 2744 τὸν
617 2667 718 2763 ἧττον
758 2676 930 2764 πεφυκότα
969 2678 1027 2746 καὶ
1063 2675 1122 2747 τὸν

110 2777 205 2849 οῦπω
233 2783 351 2861 τελέως
379 2782 581 2869 όυνάμενον,
609 2784 661 2850 ἐπὶ
680 2790 836 2850 πλεῖστον
854 2790 934 2862 ίσως
962 2786 1151 2873 διαπορεῖ-ιι

176 3007 192 3052 4
210 2996 384 3066 ἐμπλέοντας
402 3003 436 3071 V]
455 2997 645 3064 ἐπιπλέοντας
731 3007 746 3054 6
768 3001 911 3072 προσεύξῃ
935 3005 1035 3058 deesse
1052 3006 1122 3059 vidit
1152 3030 1157 3037 ·

110 3071 243 3121 Petavius
328 3076 343 3122 7
367 3071 444 3123 σῶοιν
462 3075 500 3136 V,
520 3075 549 3123 in
568 3088 621 3137 quo
640 3074 736 3123 neseio
754 3090 789 3122 an
808 3073 896 3123 lateat
913 3072 969 3125 σῶν
1040 3066 1090 3127 δέ
1156 3092 1158 3101 ·

108 3133 250 3197 πλέοντας
267 3137 303 3203 V]
324 3133 514 3200 ἐπιπλέοντας
529 3156 554 3197 v,
574 3136 768 3205 συμπλέοντας
787 3139 852 3190 Cob.
924 3143 954 3191 11
974 3139 1045 3208 οἴει]

110 3212 164 3266 ρει.
234 3209 266 3255 12
296 3205 379 3272 γοῦν]
411 3200 439 3271 χ’
463 3199 500 3258 ἀν
523 3207 669 3288 legendum
695 3209 806 3259 videtur
891 3209 923 3258 16
953 3198 1132 3275 ἀποφανεῖν.

106 3275 168 3323 Pet.
201 3270 206 3338 Ι
239 3266 290 3324 τὸν
308 3273 359 3325 τοῦ
379 3276 417 3325 Ν.
437 3273 514 3340 Cob‚]
538 3292 569 3327 το
593 3273 645 3327 τοῦ
664 3275 703 3326 Ν.
791 3278 822 3326 18
844 3271 923 3342 ἡμᾶς
944 3272 1019 3344 Pet]
1042 3270 1123 3345 η’μᾶν

110 3344 141 3391 19
167 3340 351 3409 προεξαιρεῖν
379 3342 446 3394 Rsk.
473 3347 502 3393 et
528 3342 692 3394 Wakefield.
716 3344 745 3392 in
772 3343 906 3408 Stephani
931 3342 1015 3396 Thes.
1038 3359 1060 3399 ε.
1082 3338 1123 3465 νῦ

107 3408 291 3473 προεξαίρειν
359 3412 391 3459 21
415 3404 571 3476 προσήκειν
590 3403 641 3476 [ἐν]
667 3402 769 3480 ἐκείνῳ
786 3426 818 3476 v,
843 3403 874 3463 έν
891 3410 978 3462 habet
995 3413 1082 3464 etiam

108 3479 141 3526 23
167 3469 304 3529 ὁντινοῦν
325 3475 370 3543 Η]
399 3471 562 3529 ὁντιναοῦν,
606 3477 642 3528 cf.
665 3478 751 3530 358A
781 3483 810 3529 et
834 3478 906 3544 apud
934 3477 1031 3544 cyrill.
1053 3478 1121 3533 M

1098 3736 1119 3767 ‚⁶
1148 3714 1158 3763 ·l

1121 3768 1133 3785 b

1036 3798 1041 3805 ¹
1059 3752 1158 3851 stssz'ffd
