2370 3908
121 209 164 272 22
426 210 570 261 IULIANI
586 208 834 260 IMPERATORIS

122 335 276 425 άφθονα,
303 335 387 427 πρὸς
413 336 545 416 τούτοις
572 336 609 404 δὲ
638 333 717 404 οῦδὲ
744 339 813 403 τῶν
837 333 994 422 ἀδελφῶν
1018 355 1072 403 σοι
1096 332 1138 403 δι’

122 439 336 531 ἁσδηποτοῦν
363 448 471 523 αἰτίας
496 441 558 512 τὸν
589 442 734 530 πόλεμον
762 441 1037 532 ἐλαφρυνόντων·
1083 443 1141 511 καὶ

123 547 184 619 οῦκ
212 556 302 618 ἔστιν
331 547 444 630 οὐδεὶς
472 547 577 630 οῦτως
604 546 826 636 άναίσχυντος
858 545 938 616 οὐδὲ
970 547 1140 635 βάσκανος

76 671 101 725 D
122 656 350 744 συκοφάντης,
376 652 412 737 ὃς
436 652 498 724 οῦκ
522 655 717 724 αἰτιώτατον
741 657 898 741 γενέσθαι
923 653 960 722 σέ
977 656 1036 742 τῆς
1054 653 1140 746 πρὸς

121 765 270 843 ἐκείνους
297 759 456 849 ὁμονοίας
484 762 596 850 φησει·
643 760 741 842 ὄντος
769 761 806 830 δὲ
834 759 925 848 οἶμαι
952 764 1013 829 τοῦ
1040 763 1163 831 πολέτ

120 896 185 957 μου
204 867 284 939 καθ’
306 865 411 938 αὑτὸν
431 873 629 958 δυσχεροῦς,
653 867 693 936 τά
717 871 784 936 τῶν
803 869 1036 957 στρατοπέδων
1054 866 1140 957 πρὸς

119 974 180 1063 τὴν
209 974 395 1063 μεταβολὴν
423 975 666 1064 διεταράττετο,
694 973 755 1042 τὸν
782 974 842 1061 μὲν
871 972 1014 1043 παλαιὸν
1039 977 1139 1061 σφῶν

120 1077 268 1168 ἡγεμόνα
286 1093 407 1150 ποθεῖν
427 1084 623 1168 ἐκβοῶντες,
647 1077 744 1168 ύμῶν
763 1080 800 1149 δὲ
819 1078 932 1168 άρχειν
952 1082 1138 1162 ἐθέλοντες·

119 1189 175 1254 καὶ
203 1184 285 1256 άλλα
312 1194 417 1275 μυρία
440 1185 547 1255 άτοπα
570 1189 626 1256 καὶ
650 1190 793 1276 δυσχερῆ
816 1186 1029 1274 πανταχόθεν
1057 1183 1139 1256 άνα-

119 1293 273 1381 φυόμενα
296 1296 524 1383 χαλεπωτέρας
546 1293 605 1375 τάς
630 1290 711 1383 ὑπὲρ
735 1296 796 1362 τοῦ
814 1294 961 1381 πολέμου
980 1308 1139 1383 παρεῖχεν
1152 1323 1176 1363 ιο

120 1401 269 1478 ἐλπίδας·
301 1397 465 1488 Ἀρμένιοι
488 1402 623 1469 παλαιοὶ
647 1401 814 1488 σύμμαχοι
833 1399 1062 1482 στασιάζοντες
1081 1401 1138 1468 καὶ

67 1527 100 1575 19
119 1520 220 1594 μοῖρα
252 1508 350 1593 σφων
383 1504 426 1575 ού
459 1507 571 1594 φαύλη
609 1509 755 1597 Πέρσαις
791 1508 1037 1594 προσθέμενοι,
1075 1504 1138 1594 τὴν

120 1607 246 1701 ὅμορον
279 1618 374 1699 σφίσι
411 1622 546 1700 λῃσταῖς
581 1615 849 1703 κατατρέχοντες·
891 1614 947 1680 καὶ
985 1609 1066 1702 ὅπερ
1101 1615 1138 1681 ἐν

118 1731 188 1797 τοῖς
215 1721 383 1807 παροῦσιν
411 1720 566 1807 ἐφαίνετο
594 1719 701 1807 μόνον
729 1719 910 1807 σωτήριον,
938 1716 975 1786 τὸ
1005 1717 1042 1786 σέ
1068 1721 1138 1787 τῶν

118 1823 322 1910 πραγμάτων
341 1830 477 1912 ἔχεσθαι
496 1826 552 1892 καὶ
571 1824 810 1912 βουλεύεσθαι,
829 1827 910 1905 τέως
929 1822 991 1914 ούχ
1010 1821 1138 1915 ὑπῆρχε
1151 1851 1177 1893 ιτ

120 1927 176 1995 διά
204 1928 371 2020 τάςπρὸς
398 1929 477 2012 τοῦς
505 1927 673 2020 άδελφοῦς
705 1933 742 1999 ἐν
774 1938 922 2020 Παιονίη
950 1930 1137 2019 συνθήκας,

120 2030 159 2113 ῦς
182 2032 283 2116 αύτός
306 2036 423 2127 παρὼν
447 2034 535 2106 οὕτω
560 2038 742 2131 διῴκησας,
772 2034 816 2118 ῦς
839 2043 1004 2125 μηδεμίαν
1028 2034 1136 2127 άφορ-

119 2140 185 2228 μὴν
214 2144 352 2224 ἐκείνοις
379 2160 563 2234 παρασχεῖν
590 2147 750 2232 μέμψεως.
796 2147 917 2231 μικροῦ
944 2171 984 2232 με
1013 2150 1137 2213 ἔλαθεν

120 2242 169 2336 (ἡ)
189 2251 257 2316 τῶν
288 2251 440 2340 πράξεων
468 2249 550 2340 άρχη
581 2253 796 2338 διαφυγοῦσα
823 2257 968 2319 καλλίων
996 2246 1136 2319 άπασῶν

77 2347 139 2440 Βῆ
167 2368 239 2435 ταῖς
270 2364 459 2437 καλλίσταις
491 2359 523 2437 ἐξ
557 2366 630 2444 ίσης
661 2357 850 2445 θαυμαστή.
891 2355 928 2424 τὸ
957 2355 1021 2447 γάρ
1050 2352 1175 2446 ῦπέρεο

117 2461 287 2529 τοσούτων
320 2463 524 2551 πραγμάτων
557 2464 806 2550 βουλευόμενον
843 2461 961 2550 μηδέν’
981 2465 1136 2532 ἐλαττοῦ-

118 2574 200 2632 σθαι
228 2571 356 2654 δοκεῖν,
389 2575 420 2636 εί
445 2584 515 2649 τοῖς
543 2566 703 2657 άδελφοῖς
730 2568 767 2637 τδ
795 2572 897 2639 πλέον
930 2575 1016 2656 ἔχειν
1049 2566 1136 2639 ἕκτδν

117 2679 339 2762 συγχωροίης,
368 2674 593 2764 σωφροσύνης
624 2677 678 2744 καλ
700 2681 954 2764 Ιμεγαλοψυχίας
980 2677 1137 2763 μέγιστον

117 2771 160 2844 άν
192 2788 242 2866 είη
276 2796 423 2868 σημεῖον.
469 2784 535 2850 νῦν
568 2781 605 2851 δὲ
643 2788 674 2850 εί
704 2785 765 2869 μέν
796 2809 847 2862 τις
883 2780 944 2870 την
975 2783 1135 2875 πατρςόαν

118 2879 238 2953 ούσίαν
265 2885 348 2976 πρὸς
375 2887 454 2969 τοὺς
477 2885 645 2975 άδελφοῦς
668 2888 850 2975 νεμόμενος
873 2886 991 2957 ἑκατὸν
1014 2888 1134 2957 ταλάν-
1148 2912 1175 2955 ετ

116 3014 202 3078 των,
234 2998 361 3062 κείσθω
395 2997 506 3080 δέ,εί
532 2995 661 3082 βούλει,
694 2995 865 3064 τοσούτων
897 2992 1026 3082 άλλων,
1065 2993 1136 3064 εἶτα

186 3171 278 3220 1et2
303 3169 520 3254 διασδηποτούν
538 3174 576 3238 V,
602 3161 675 3223 δι’
662 3189 697 3231 ας
721 3171 831 3239 δήποτε
850 3160 903 3226 οῦν
926 3191 944 3226 v
1012 3176 1025 3222 4
1053 3171 1135 3240 γενέ

75 3235 79 3244 “
116 3235 189 3286 σθαι
213 3231 293 3288 σδΗ
267 3235 474 3318 Η]γενὲσθαί
495 3254 526 3290 σε
596 3244 628 3291 13
652 3240 797 3308 λῃστείαις
819 3243 886 3292 Rsk.
958 3245 990 3292 14
1012 3236 1043 3292 σὲ
1062 3240 1132 3307 VM]

116 3317 146 3353 σε
216 3307 247 3355 15
270 3304 495 3373 προσταγμάτων
518 3309 542 3357 V
618 3309 649 3356 16
673 3309 811 3376 Παιονίη]
844 3309 890 3359 Sin
914 3310 985 3360 solet
1006 3309 1134 3359 Iulianus

116 3372 257 3423 cumanis
281 3373 393 3426 Graecis
418 3375 588 3425 Pannoniam
610 3375 716 3438 δίκτυες
740 3378 795 3426 vid
815 3378 925 3428 Kuster
953 3378 988 3427 ad
1004 3366 1088 3427 Suid.
1108 3394 1134 3428 v.

115 3433 210 3523 Δράος
235 3447 262 3489 et
279 3442 337 3493 Ioh
357 3443 523 3493 Laurentius
548 3442 582 3492 de
605 3445 861 3523 mag1strn1bns3
879 3447 961 3510 32p.
981 3447 1031 3496 206
1102 3447 1135 3564 V

114 3503 153 3572 μὴ
173 3502 206 3558 δε
225 3507 297 3570 μιαν
316 3510 372 3560 VM
412 3513 443 3560 18
455 3516 483 3561 et
495 3512 525 3560 19
539 3504 674 3563 ἔλαθεν
692 3509 816 3590 Schaef]
838 3481 928 3564 ἔλαθε
968 3515 1002 3564 20
1020 3503 1135 3577 η]

115 3576 147 3624 22
166 3569 198 3626 τό
217 3571 307 3628 πλέον
326 3570 436 3645 ἐχεινὲ
437 3572 494 3630 νῦν
512 3569 589 3644 V]
575 3594 647 3630 εκων
659 3528 791 3644 7ἐχειν
761 3596 794 3631 το
812 3574 900 3631 πλέον
