2392 3960
10 40 184 93 W„
212 40 216 51 .

481 179 617 232 οαιυιο
635 181 683 231 iv.
1022 183 1083 248 193

66 334 155 396 ριτες
183 309 236 376 ἐπὶ
265 311 325 395 γῆς
353 305 409 376 διὰ
436 310 504 376 τῦν
532 305 730 395 ἀγαλμάτων
757 311 945 396 μιμοῦνται.
990 340 1081 402 χαρι

67 412 170 502 δύτης
198 416 239 482 δι’
263 417 354 482 ἐστιν
382 410 399 483 ὁ
419 413 590 494 Διόνυσος
617 417 651 494 ἐς
669 411 769 484 ταῦτὸ
789 415 967 504 λεγόμενος
981 413 1081 511 Ἡλίῳ

66 520 333 609 συμβασιλεύειν.
379 525 415 588 τί
443 511 507 589 οῦν
539 526 586 589 ἔτι
620 541 673 588 σοι
700 519 761 590 τὸν
784 512 887 612 Ὦρον
914 525 999 610 λέγω
1024 527 1080 593 καὶ

63 618 169 695 τᾶλλα
200 630 294 697 θεῶν
326 624 489 715 ὀνόματα,
521 624 562 695 τὰ
589 627 697 696 πάντα
721 623 820 720 Ἡλίῳ
853 629 1080 718 προσύκοντα;
1174 670 1177 675 ’

37 735 219 820 τσυνῆκαν
247 733 310 823 γὰρ
339 730 515 823 ἅνθρωποι
541 730 603 802 τὸν
622 731 706 803 θεὸν
733 736 766 814 ἐξ
795 726 843 803 νῦν
872 731 889 803 ὁ
918 734 999 818 θεὸς
1023 735 1080 808 ile

64 839 244 928 ἐργάζεται,
271 839 330 909 τὸν
358 839 534 928 σύμπαντα
562 837 712 929 ούρανὸν
738 855 808 921 τοῖς
834 857 965 931 νοεροῖς
993 841 1132 929 elya-149

62 955 143 1027 bois
175 947 432 1034 τελειωσάμενος
463 948 520 1014 καὶ
547 945 711 1034 μεταδούς
743 943 833 1038 αύτῷ
866 951 927 1016 τοῦ
953 954 1080 1038 νοητοῦ

63 1051 223 1140 κάλλους,
256 1050 437 1143 άρξάμενοί
465 1080 499 1121 τε
537 1055 667 1122 ἐκεῖθεν
699 1050 779 1122 ῦλον
810 1081 845 1122 τε
882 1050 987 1123 αύτὸν
1022 1059 1079 1124 καὶ

62 1157 104 1225 τὰ
132 1161 215 1249 μέρη
243 1162 283 1250 τῇ
310 1161 378 1228 τοῖν
397 1157 538 1245 ἀγαθῶν
557 1156 694 1250 ἀνδρῶν
722 1159 822 1229 δόσει.
967 1165 1079 1231 πάσαν

21 1284 49 1332 ιο
63 1262 128 1353 γάρ
163 1266 417 1356 ἐπιτροπεύουσι
448 1271 583 1354 κίνησιν
615 1263 691 1356 άχρι
719 1268 776 1355 τῆς
803 1274 991 1348 τελευταίας
1017 1273 1079 1338 τοῦ

62 1366 193 1459 κόσμου
225 1373 358 1461 λήξεως·
392 1373 498 1460 φύσιν
531 1400 564 1440 τε
596 1374 652 1440 καὶ
684 1371 797 1461 ψυχὴν
829 1376 883 1441 καὶ
915 1376 984 1442 πᾶν
1013 1373 1078 1461 ῦ,τι

62 1479 147 1546 ποτέ
177 1481 259 1565 ἐστι,
291 1480 400 1549 πάντα
431 1482 603 1566 πανταχοῦ
635 1483 825 1548 τελειοῦται.
870 1478 932 1566 τὴν
960 1480 997 1549 δὲ
1024 1508 1077 1549 το-

64 1584 193 1672 σαύτην
212 1585 370 1675 στρατιὰν
383 1589 452 1654 τῶν
469 1589 563 1654 θεῶν
578 1591 624 1667 εἰς
639 1592 719 1673 μίαν
732 1581 936 1674 ἡγεμονικὴν
956 1589 1078 1656 ἕνωσιν

64 1690 228 1773 συντάξας
252 1689 378 1783 Ἀθηνᾷ
405 1697 559 1782 Προνοία
586 1694 789 1781 παρέδωκεν,
816 1689 860 1780 ἣν
888 1689 906 1761 ὁ
935 1692 996 1780 μὲν
1014 1696 1112 1781 μῦ-Β

22 1824 49 1864 ιι
63 1795 128 1877 θός
156 1819 261 1886 φησιν
280 1801 315 1867 ἐκ
338 1801 396 1886 τῆς
423 1801 485 1866 τοῦ
503 1796 588 1879 Διὸς
616 1799 774 1885 γενέσθαι
792 1802 954 1888 κορυφῆς,
982 1796 1077 1886 ἡμεῖς

63 1902 101 1971 bl
129 1901 213 1992 ὅλην
245 1908 277 1986 ἐξ
307 1903 388 1975 ῦλου
420 1908 481 1973 τοῦ
514 1907 675 1992 βασιλέως
699 1901 813 1974 Ἡλίου
841 1909 1076 1995 προβληθῦναι

63 2012 291 2099 συνεχομένην
318 2015 355 2080 ἐν
373 2007 475 2104 αύτῷ,
502 2011 606 2099 ταύτῃ
626 2012 842 2101 διαφέροντες
859 2014 921 2079 τοῦ
948 2012 1076 2098 μύθου,

63 2112 114 2184 ῦτι
141 2117 187 2205 μὴ
215 2121 251 2186 ἐκ
277 2121 339 2187 τοῦ
367 2114 551 2207 ἀκροτάτου
579 2119 716 2207 μέρους,
744 2114 827 2204 ῦλην
855 2116 892 2185 bl
920 2118 953 2197 ἐξ
981 2115 1076 2186 ῦλου·

62 2224 132 2290 ἐπεὶ
159 2216 262 2293 τᾶλλά
289 2253 327 2311 γε
346 2221 449 2295 οῦδὲν
468 2226 642 2315 διαφέρειν
666 2221 781 2293 Ἡλίου
800 2230 869 2291 Δία
888 2229 1077 2311 νομίζοντες

21 2354 48 2397 ιο
62 2324 294 2418 ὁμολογοῦμεν
325 2335 365 2421 τῇ
397 2333 521 2422 παλαιᾷ
555 2331 657 2420 φήμῃ.
703 2332 758 2399 καὶ
790 2333 889 2399 τοῦτο
923 2329 960 2397 δὲ
993 2327 1074 2399 αῦτὸ

58 2436 235 2524 Πρόνοιαν
260 2434 408 2527 Ἀθηνᾶν
435 2440 587 2525 λέγοντες
614 2436 656 2507 ού
682 2440 957 2524 καινοτομοῦμεν,
984 2446 1075 2526 εἴπερ

60 2538 176 2629 ὀρθῶς
203 2541 381 2633 ἀκούομεν·

134 2665 239 2736 Ἵκετο
268 2666 299 2736 ‹l’
330 2671 363 2750 ἐς
381 2672 536 2737 Πυθῶνα
560 2669 615 2737 καὶ
634 2670 667 2748 ἐς
687 2670 874 2737 Γλαυκῶπα
892 2674 1075 2758 Προνοίην.

61 2790 178 2873 οῦτοιςΙ
196 2790 261 2881 άρα
288 2793 344 2860 καὶ
371 2807 441 2875 τοῖς
468 2801 620 2873 παλαιοῖς
647 2794 803 2879 ἐφαίνετο
829 2788 955 2880 Ἀθηνᾶ
983 2793 1108 2881 libi-c

130 3019 145 3065 2
170 3010 198 3075 ἐς
215 3004 305 3067 ταῦτὰ
324 3013 388 3081 Mb]
413 3013 463 3095 εἰς
476 3007 583 3067 τοῦτὸν
660 3019 676 3067 3
692 3003 782 3094 :abab
802 3016 899 3096 spanh.
916 3017 949 3067 de
968 3017 1018 3066 Pe
1008 3023 1076 3067 avn

58 3072 268 3166 conjectura]
253 3101 320 3150 ορον
388 3086 404 3134 4
427 3073 519 3134 τῦλλοι
538 3081 613 3150 libri]
632 3077 667 3134 τά
685 3073 758 3134 άλλα
828 3085 843 3134 5
866 3073 1017 3161 ἅνθρωποι
1033 3084 1072 3166 H]

10 3158 12 3163 '
59 3145 124 3204 ἄνθ
143 3167 217 3202 αποι
303 3142 388 3203 6τὸν
403 3147 560 3234 σύμπαντα
577 3147 655 3218 libri]
675 3147 828 3217 σύμπαντα
914 3142 984 3202 9τῦ
1003 3146 1075 3218 μέρη

57 3169 141 3285 libril
160 3211 234 3271 κατά
251 3214 323 3286 μέρη
355 3231 360 3280 1
392 3213 516 3282 ἀνδρῶν]
536 3210 632 3285 άὸριόν
651 3219 772 3274 Μαιοίλ.Ι
765 3235 843 3284 ,ego
862 3221 955 3269 malim
975 3216 1073 3286 άδρᾷλ

56 3288 201 3338 Lacunam
220 3304 236 3337 a
255 3289 371 3339 Petavio
390 3288 538 3338 indicatam
557 3301 612 3338 non
629 3286 736 3337 hahent
753 3255 817 3337 libri
886 3291 917 3337 12
936 3287 1076 3339 τελειοῦσι

57 3354 170 3406 ΜοττίΙ.
241 3357 273 3406 14
288 3349 414 3420 Ἀθηνᾶν
432 3354 527 3432 spanh.
544 3352 687 3425 Ιπρονοίᾳ
704 3350 744 3421 Η]
763 3346 905 3419 πρόνοιαν
975 3358 1006 3406 15
1026 3353 1075 3419 τῆς

56 3421 167 3486 τοῦθ,
190 3439 221 3474 τε
244 3421 296 3475 τοῦ
315 3423 435 3485 llIbEF,
457 3420 509 3474 τοῦ
532 3439 550 3474 v
636 3405 677 3474 23
692 3422 735 3472 cf
754 3423 882 3475 Eustath.
902 3423 936 3472 ad
959 3421 1036 3471 Iliad.
1056 3441 1076 3472 τι

56 3493 139 3558 p.83
163 3489 167 3556 Ι
192 3483 221 3542 δ’
241 3485 351 3571 ξςΙίοτί
371 3499 398 3542 et
416 3461 605 3569 Eustath6'
626 3486 692 3554 εἰς(
723 3484 817 3541 Πυθώ
836 3490 933 3555 spanh
962 3488 966 3553 l
990 3484 1077 3555 μλαύ

57 3575 140 3610 κωνα
157 3558 229 3622 libri,
244 3549 371 3625 Ἀθηνᾶν
390 3566 453 3626 μοι,
472 3557 630 3626 γλαυκῶπα
649 3557 745 3624 spanh
766 3574 800 3609 ex
817 3557 965 3608 Eustathio

112 3652 218 3694 Iulianus
231 3646 870 3695 1.13
