2392 3960
119 112 185 176 466
423 112 568 163 mmm
585 109 836 162 ιιιΡιιιιιυοιειε

119 253 158 318 τῦ
161 277 177 329 ς
202 248 330 327 πόλεως
356 249 433 316 θεοὶ
462 250 604 316 διπλοῦν
627 251 737 331 δοῖεν,
770 245 821 315 ὅτι
843 245 927 334 πρὸς
950 245 1063 339 τούτφ
1084 246 1137 315 καὶ

67 354 177 435 361τδις
214 353 449 442 ἀστυγείτονας
485 355 773 441 ἐσυκοφαντήσατε
809 352 922 433 πόλεις
960 352 1056 440 ἰερδις
1085 351 1139 421 καὶ

121 460 330 549 ὁμοδούλους
357 462 446 549 έμοί,
482 459 527 539 ὡς
554 460 595 548 δη
624 458 702 549 παρ’
727 458 840 528 αῦιοῦν
867 470 917 547 εἰη
940 459 983 528 τδι
1010 466 1064 541 εἰς
1085 458 1138 548 ἐμὲ
1184 538 1186 547 Ι

121 570 337 653 ξυντεθέντα,
369 564 410 636 ὃν
438 559 476 634 εὖ
504 564 568 635 οἷδ’
599 567 650 636 ὅτι
673 572 832 654 φιλοῦσιν
854 555 980 647 ἐντείναι
1005 571 1139 655 μᾶλλον

120 671 141 762 ἢ
164 675 243 755 τοῦς
266 676 393 743 ἑαυτῶν
415 676 518 760 υἰέας,
542 681 578 742 οἳ
596 675 636 743 τὰ
660 675 722 763 μέν
744 678 813 744 τῶν
832 678 925 744 θεῶν
944 671 1161 764 ἀνέστησανῠ

121 780 239 850 αὐτίκα
260 784 391 871 τεμένη,
413 780 494 862 τοὺς
515 781 642 868 τάφους
666 783 703 850 δὲ
725 786 794 851 τῶν
815 779 930 851 ἀθέων
950 778 1141 873 ἀνέτρεψαν

121 892 260 975 πάντας,
297 886 360 957 ἀπὸ
397 892 459 956 τοῦ
494 888 723 976 συνθήματος,
761 884 779 957 δ
813 887 855 976 δὴ
888 890 1028 958 δέδοται
1060 887 1139 977 παρ’

122 998 204 1084 ἐμοῦ
223 997 351 1089 πρῴην,
375 993 481 1075 ούτως
500 996 699 1082 ἐπαρθέντες
718 992 779 1063 τὸν
798 997 885 1064 νοῦν
902 995 959 1063 ιιαί
976 996 1142 1085 μοι’ωροι
1184 1054 1186 1061 .

121 1105 297 1188 γενόμενοι
318 1099 381 1188 τὴν
404 1100 571 1186 διάνοιαν,
594 1099 639 1180 ἀς
661 1102 716 1168 καὶ
739 1103 841 1169 πλέον
860 1101 1055 1183 ἐπεξελθεῖν
1072 1117 1143 1183 τοῖς

80 1213 169 1288 Βείς
199 1207 279 1286 τοὺς
309 1205 412 1287 θεούς
443 1211 692 1295 πλημμελοῦσιν
724 1203 745 1295 ἢ
777 1208 972 1298 βουλομένῳ
999 1235 1063 1296 μοι
1090 1202 1186 1305 ἦαθ,

121 1313 162 1382 τά
195 1311 226 1382 δ’
260 1312 415 1402 ὑμέτερα·
455 1314 573 1382 πολλοὶ
603 1313 665 1400 μὲν
694 1313 926 1402 ἐγειρομένους
953 1310 1034 1403 ἀρτι
1062 1317 1143 1399 τοῦς

122 1419 257 1509 βωμούς
279 1418 473 1509 ἀνέτρεψαν,
497 1416 557 1499 οὓς
574 1417 594 1506 ἡ
613 1420 760 1510 πρᾳότης
777 1417 873 1509 ἡμῶν
890 1422 1029 1503 ἐδίδαξε
1046 1423 1142 1512 μόλις

122 1526 306 1615 ἡσυχάζειν.
356 1527 425 1595 ἐπεὶ
462 1528 499 1594 δέ
535 1524 798 1615 ἀπεπεμψάμεθα
833 1525 894 1597 τὸν
925 1528 1055 1619 νεαρὸν
1082 1535 1158 1619 τῆς-

124 1634 278 1720 Δάφνης,
302 1635 338 1701 οί
358 1632 419 1720 μέν
442 1631 685 1721 ἀφοσιούμενοι
707 1632 748 1702 τά
769 1634 854 1723 πρὸς
874 1634 956 1715 τοὺς
976 1636 1088 1718 θεοὺς
1108 1639 1140 1721 ἐξ

122 1739 219 1828 ὑμῶν
247 1737 438 1808 ἀντέδωααν
465 1752 535 1819 τοῖς
560 1737 644 1829 ὑπὲρ
666 1744 735 1808 τιῦν
757 1741 928 1822 λειψάνων
949 1741 1171 1832 bravum-¹¹

84 1847 199 1915 Οαόσι
226 1849 287 1917 τοῦ
315 1851 436 1935 νεαροῦ
462 1847 500 1915 τὸ
523 1849 659 1934 τέμενος
680 1850 740 1915 τοῦ
765 1855 950 1935 Δαφναίου
971 1855 1078 1939 θεοῦ,
1110 1854 1143 1921 οἰ

124 1954 161 2022 δέ
188 1963 252 2022 είτε
274 1953 437 2032 λαθόντες
460 1963 524 2021 εἰτε
546 1953 591 2041 μὴ
614 1952 652 2022 τὸ
675 1958 742 2041 πῦρ
765 1956 895 2036 ἔδειξαν
917 1956 1046 2044 ἐιιείνο,
1072 1972 1143 2039 τοῖς

123 2060 184 2148 μέν
217 2063 415 2150 ἐπιδημοῦσι
446 2064 515 2128 τάν
545 2060 650 2140 ξένων
682 2062 863 2148 φριιιοῦδες,
898 2057 996 2148 ῦμύν
1032 2064 1071 2133 δδ
1097 2069 1142 2158 τῷ

124 2167 217 2257 δήμῳ
245 2168 307 2256 μέν
334 2165 465 2255 ἡδονὴν
486 2165 652 2254 προσχύν,
683 2163 748 2235 ύπδ
777 2166 815 2235 δὲ
836 2170 895 2254 τῆς
915 2172 1046 2258 βουλῆς
1068 2168 1143 2261 ἀμε-

123 2274 230 2362 ληθὲν
257 2276 312 2343 καί
340 2275 439 2344 εἰσέτι
467 2269 706 2361 ἀμελούμενον.
751 2274 824 2361 ἐμοὶ
851 2272 913 2360 μὲν
940 2266 1006 2343 ούν
1032 2276 1173 2348 ἐδόκει*

122 2382 178 2449 ιιαί
205 2381 269 2470 πρὸ
296 2386 359 2450 τοῦ
385 2379 490 2469 πυρὸς
517 2376 772 2449 ἀπολελοιπέναι
799 2379 861 2449 τὸν
887 2379 979 2449 νειδν
1004 2380 1026 2453 δ
1050 2386 1144 2476 θεός,

124 2488 308 2575 ἐπεσήμηνε
331 2487 393 2575 γὰρ
417 2486 605 2556 εἰσελθόντι
628 2514 685 2575 μοι
707 2491 842 2575 πρῶτον
859 2485 897 2556 τὸ
914 2485 1066 2579 ἄγαλμα,
1087 2496 1143 2564 καὶ

123 2593 246 2662 τούτου
278 2592 429 2681 μάρτυρα
460 2597 549 2662 καλοῦ
580 2593 642 2662 τὸν
673 2594 779 2681 μέγαν
797 2591 917 2666 Ἥλιον
946 2597 1035 2686 πρὸς
1063 2600 1143 2682 τοῦς

125 2697 360 2785 ἀπιστοῦντας,
386 2697 473 2788 ύμάς
496 2700 533 2777 δὲ
556 2699 746 2788 ὑπομνῆσαι
768 2699 934 2789 βούλομαι
956 2704 1015 2772 ιιαί
1041 2704 1143 2795 ἄλλης

79 2817 105 2870 D
125 2807 303 2896 ἀπεχθείας
325 2809 419 2896 ἐμῆς,
451 2813 575 2895 ἔπειτα,
607 2806 687 2894 ὅπερ
715 2816 821 2875 εἰοιθα
843 2820 954 2877 ποιεῖν
976 2811 1186 2899 emma·

126 2913 288 2983 ὀνειδίσαι
321 2917 450 3007 ἐμαυτῷ
482 2916 538 2982 καί
569 2911 653 3001 ὑπὲρ
682 2912 804 3001 ταύτης
829 2915 886 2983 ιιαί
911 2922 1140 3009 κατηγορῆσαι

196 3072 209 3118 1
229 3066 362 3134 διπλοῦν]
383 3069 507 3134 Respicit
524 3069 697 3132 proverbium
714 3070 787 3135 apud
801 3069 911 3122 fluidam
928 3062 1138 3128 ullium&-

125 3135 217 3187 πλοῦν
235 3143 264 3187 ετ
282 3135 455 3201 Apostolium
473 3138 519 3199 VI,
538 3139 593 3188 θῦε
653 3130 765 3204 θέμολ]
784 3129 855 3203 παρ’
874 3130 938 3204 ἐμοὶ
956 3140 982 3190 V
1039 3144 1140 3195 lm·

125 3199 251 3257 τεθέντα
269 3204 338 3254 MbF
384 3196 514 3257 θαύτιῖιν
533 3204 604 3255 MbF
620 3209 700 3256 mart.
720 3211 775 3272 pet,
820 3194 1045 3273 θάνέστοεφαπ
1060 3214 1138 3265 mm.

126 3264 217 3324 Ὶάπδ
235 3273 273 3322 Ρο
308 3264 364 3324 ῦπδ
435 3275 464 3322 11
485 3269 518 3323 δὲ
540 3274 613 3324 VMb
683 3274 811 3324 16et17
839 3268 1029 3399 ammuh}
1051 3274 1116 3331 οἰδ·

123 3337 255 3407 ἔδειξαν]
289 3340 410 3393 νεῑοανθ
479 3343 512 3391 20
529 3337 580 3392 ναὶ
598 3336 684 3393 εἰσέτι
701 3337 738 3407 Η]
763 3339 852 3396 εἰσέτι
869 3338 920 3394 aaz
935 3357 968 3410 v,
997 3338 1124 3399 εσίτιδ
1170 3388 1176 3400 .

124 3408 175 3461 ιιαί
192 3409 258 3464 Rsk.
311 3410 351 3461 ,24
368 3397 444 3475 ἀμᾶς
463 3402 497 3460 δέ
514 3409 624 3460 MbFPe
642 3413 719 3459 mart.
738 3409 808 3478 ρετ]
830 3405 863 3462 δδ
880 3401 959 3476 ἀμᾶς
1020 3414 1056 3465 25
1073 3406 1139 3481 ἰμῆσ

123 3474 267 3544 VMbFPf]
287 3476 339 3544 τῆς
358 3469 427 3543 έμῆς
