2370 3908
982 80 1026 131 ''N''

98 175 161 238 130
401 177 546 228 ιυειεοι
563 175 811 226 εμεεοενοειε

99 303 183 371 ἑάλω
211 303 358 389 πώποτε,
388 300 463 371 ούτε
491 308 598 384 οίκίας
625 305 727 390 καλῆς
755 298 826 372 οἵτ’
858 301 1026 383 ἐπαύλεως

97 412 257 490 λυτελούς
284 407 361 477 ούτε
380 406 494 498 ὅρμων
513 413 751 498 σμαραγδίνων
778 407 989 496 ἐπιθυμήσας
1018 405 1037 475 ά

97 523 170 584 λετο
199 521 257 606 βία
284 511 306 602 ἢ
332 516 389 584 καὶ
416 527 533 584 πειθοῖ
557 513 636 596 τούς
663 516 898 602 κεκτημένους,
926 511 999 582 ἄλλ’
1031 546 1037 582 ι

96 620 255 707 γυναικὸς
283 623 460 710 ἐλευθέρας
488 618 567 691 ούθὲ
586 628 803 710 θεραπαίνης,
832 618 913 689 οὐδὲ
941 618 1027 702 ὅλως

96 725 213 796 άὸικον
246 725 435 816 ἀφροδίτην
466 725 631 817 ἠγάπησε,
668 729 724 796 καὶ
757 722 801 808 ὡς
833 724 912 796 οὐδὲ
946 718 995 795 ὦν
1028 756 1037 794 ι

95 833 245 920 φύουσιν
283 831 423 921 άγαθάν
459 833 521 923 τὴν
558 832 700 923 άμετρον
738 831 870 903 άπαιτεῑ
903 842 1034 921 πλησμο

95 937 175 1009 οὐδὲ
204 938 294 1033 αὐτῷ
322 944 446 1030 θέρους
474 938 544 1030 ὥρᾳ
571 944 631 1010 τοί.
659 940 868 1030 κρυστάλλου
896 941 1001 1027 μέλει,
1031 970 1037 1008 ι

48 1058 75 1113 D
94 1046 288 1135 μεταβάλλει
315 1046 398 1133 πρὸς
423 1045 482 1128 τὰς
510 1044 597 1130 ὥρας
624 1046 686 1135 την
714 1057 859 1134 οἴκησιν,
887 1061 957 1126 τοῖς
983 1071 1037 1114 ποι

93 1154 206 1240 μένοις
238 1152 275 1221 δὲ
308 1149 359 1221 άεὶ
390 1153 527 1239 πάρεστι
564 1156 622 1241 της
654 1150 757 1242 ἀρχῆς
793 1155 928 1244 μέρεσιν
961 1148 1037 1221 άντε

93 1259 149 1327 καὶ
176 1256 260 1350 πρὸς
286 1256 323 1327 τὸ
352 1258 454 1348 κρύος
480 1260 536 1327 καὶ
564 1259 647 1348 πρὸς
678 1258 718 1328 τὰ
745 1260 859 1347 θάλπη
885 1256 926 1326 τά
954 1286 1035 1344 γενν

93 1364 223 1432 τούτων
252 1365 289 1432 δὲ
316 1375 350 1433 εί
372 1393 412 1453 με
444 1365 609 1434 κελεύοιτο
642 1368 757 1456 φέρειν
789 1361 870 1455 ύμῖν
903 1368 1037 1453 ἐμφανῆ

91 1471 260 1559 τεκμήρια,
288 1471 440 1560 γνώριμα
458 1471 519 1560 μὲν
547 1475 611 1561 ἐρῶ
630 1475 686 1541 καὶ
705 1470 768 1541 οὐκ
786 1469 955 1563 άπορησω,
982 1500 1037 1559 ματ

93 1576 130 1646 δὲ
164 1572 181 1647 ὁ
215 1577 313 1663 λόγος
345 1579 400 1647 καὶ
438 1578 631 1673 διωλύγιος,
664 1582 740 1667 ἐμοί
768 1605 803 1647 τε
836 1575 876 1647 ού
910 1576 1011 1666 σχολὴ

92 1683 221 1771 μούσας
254 1685 305 1752 ἐπὶ
337 1687 501 1752 τοσοῦτον
532 1685 749 1772 θεραπεύειν,
782 1682 853 1754 ἀλλ’
884 1681 955 1771 ύρα
988 1694 1037 1752 λοι

92 1787 175 1877 πρὸς
202 1795 303 1877 ἔργον
329 1791 518 1879 τρέπεσθαι.

159 1994 375 2073 έθεραπριίνης
394 1995 430 2062 V]
449 1996 660 2063 θεραπαινίδος
717 2001 732 2049 5
751 1989 821 2050 ούὸὲ
840 1995 878 2066 H]
898 1988 965 2050 ούτε
1019 2003 1034 2050 6

89 2063 153 2113 add.
172 2064 230 2114 VM
257 2067 261 2127 Ι
288 2068 426 2115 απαιτεῐν
443 2067 468 2116 V
537 2058 640 2116 ἵούθὲ
660 2063 693 2132 V]
712 2057 778 2117 οὔτε
