2370 3908
118 159 180 222 288
419 156 561 209 IULIANI
584 155 833 206 ιιιωιιιινοωε

120 298 331 356 σπασθείσαν
368 296 537 374 οίχεσθαι·
574 281 611 352 τὸ
651 283 688 352 δὲ
724 286 864 370 ρυεῖσαν
885 277 957 352 ’καὶ
993 288 1141 369 διασπα-

77 409 101 462 Β
121 406 263 463 σθεῖσαν
291 390 334 480 μὴ
362 394 536 482 προσέχων
554 417 603 471 τις
620 404 691 470 τοϊς
719 389 863 479 ῥήμασιν
890 385 1034 459 ὑδάτιον
1053 391 1140 479 μηδὲ

120 506 217 568 λίνον
245 499 415 588 μήρινθον
444 495 640 586 ἀκροάσθω,
673 497 812 576 ξυνιέτω
841 494 878 563 δὲ
904 493 946 564 τά
973 495 1139 585 λεγόμενα

119 606 244 695 τρόπον
272 603 391 690 ἀλλον,
425 601 466 673 ὃν
494 603 653 689 Πλάτων,
686 598 726 670 ὃν
753 610 942 690 Πλωτῖνος,
975 600 1017 671 ὃν
1045 611 1138 692 Πορ-

121 712 256 801 φόρτος,
295 709 335 781 ὃν
373 708 390 779 ὁ
425 710 598 799 δαιμόνιος
631 706 823 797 Ἰάμβλιχος.
874 705 912 789 ὃς
944 705 976 777 δ’
1012 704 1058 777 ἀν
1096 707 1163 797 μὴτ

120 819 224 906 ταύτῃ
252 821 345 907 ποιῇ,
375 817 547 904 γελάσεται
575 818 651 903 μέν,
685 825 764 883 ίστω
793 815 907 902 μέντοι
934 815 1139 906 Σαρδάνιον

120 928 228 1010 γελῶν
261 931 382 1014 ἔρημος
415 919 462 992 ἀν
495 920 546 992 ἀεὶ
577 926 636 1009 τῆς
667 925 737 990 τῶν
772 923 864 990 ’θεῶν
896 921 1068 1009 γνώσεως,
1101 913 1141 1010 ἧς

121 1028 278 1111 ἀντάξιον
298 1028 378 1099 οὐδὲ
405 1028 442 1098 τὸ
463 1032 575 1098 πᾶσαν
604 1025 690 1116 ὁμοῦ
708 1026 789 1116 μετὰ
807 1030 865 1115 τῆς
882 1031 951 1096 τῶν
965 1023 1141 1117 Ῥωμαίων

81 1139 356 1224 Οὲπιτροπεὺσαι
383 1133 445 1223 τὴν
473 1134 655 1231 βαρβάρων
674 1141 777 1220 ἔγωγε
803 1140 927 1222 θείμην
946 1125 1003 1221 ἀν,
1029 1132 1073 1204 οὑ
1096 1132 1141 1223 μά

120 1241 181 1310 τὸν
209 1239 290 1329 ἐμὸν
320 1242 485 1328 δεσπότην
504 1239 631 1309 Ἥλιον.
674 1238 756 1309 ἀλλά
783 1266 823 1328 με
849 1240 951 1309 πάλιν
979 1237 1042 1310 οὐκ
1072 1238 1138 1310 οἷδ’
1155 1265 1177 1305 ιο

121 1346 213 1428 ὅστις
244 1351 336 1416 θεῶν
374 1349 426 1416 ἐπὶ
459 1344 552 1415 ταῦτ’
588 1345 788 1434 ἐβάκχευσεν
825 1343 866 1415 οὐ
903 1346 1141 1437 προελόμενον.

121 1445 164 1522 οὑ
197 1453 233 1522 δὲ
266 1456 379 1522 ἕνεκεν
415 1459 502 1542 ἔφην
535 1449 637 1521 αὐτά·
676 1451 759 1522 κατὰ
791 1452 852 1541 μὲν
883 1451 945 1541 τὴν
981 1453 1141 1524 διάνοιαν

122 1557 389 1648 ἀπεμφαίνοντες
421 1556 503 1628 ὅταν
536 1564 571 1628 οί
606 1563 711 1646 μὺθοι
743 1566 926 1646 γίγνωνται
962 1561 1038 1651 περὶ
1072 1564 1141 1629 τῶν

26 1700 28 1704 ’
121 1672 237 1752 θείων,
266 1663 414 1734 αὐτόθεν
441 1662 522 1754 ἡμῖν
542 1663 652 1754 ὥσπερ
676 1668 782 1752 βοῶσι
809 1667 864 1734 καὶ
893 1666 1138 1758 διαμαρτύρον-

121 1798 175 1839 ται
208 1771 253 1860 μὴ
286 1772 455 1841 πιστεύειν
477 1768 613 1858 -ἀπλῶς,
646 1769 729 1840 ἀλλά
756 1770 793 1840 τὸ
827 1769 968 1859 λεληθὸς
1002 1787 1173 1843 σκοπείνν

122 1879 177 1946 καὶ
207 1881 457 1967 διερευνᾶσθαι.
494 1877 642 1969 τοσούτῳ
672 1875 704 1946 δ’
735 1879 808 1968 ἐστὶ,
831 1893 982 1970 κρεῖττον
1005 1881 1044 1947 ἐν
1062 1879 1140 1949 τοό-

122 2011 192 2065 τοις
209 1988 271 2054 του
290 1989 415 2074 σεμνοῦ
443 1983 480 2054 τὸ
500 1982 723 2072 ἀπεμφαίνον,
752 1982 819 2076 ὅσω
845 1983 901 2054 διὰ
919 1984 980 2073 μὲν
1008 1986 1140 2055 ἐκείνου

78 2089 245 2172 Βκαλοὺς
273 2098 350 2159 λίαν
377 2093 433 2160 καὶ
461 2091 626 2179 μεγάλους
653 2091 708 2160 καὶ
737 2088 905 2178 ἀγαθούς,
933 2089 1140 2180 ἀνθρώπους

123 2196 160 2274 δὲ
188 2195 277 2284 ὅμως
303 2195 384 2278 τοὺς
416 2196 520 2278 θεοὺς
550 2202 711 2278 κίνδυνος
738 2203 888 2286 νομίσαι,
921 2195 978 2266 διά
1007 2197 1045 2266 δὲ
1072 2201 1141 2267 τῶν

123 2299 405 2391 ἀπεμφαινόντων
450 2300 672 2393 ὑπεριδόντας
717 2307 785 2373 τῶν
831 2306 869 2372 ἐν
908 2306 954 2396 τῷ
1001 2307 1139 2396 φανερῷ
1151 2300 1183 2367 ¹⁰²

122 2412 312 2496 λεγομένων
349 2411 402 2478 ἐπὶ
434 2408 496 2498 τὴν
533 2411 738 2498 ἐξηρημένην
775 2407 889 2478 αὑτῶν
926 2407 1047 2479 οὑσίαν
1083 2412 1140 2481 καί

122 2510 352 2602 ὑπερέχουσαν
383 2516 492 2584 πάντα
523 2514 563 2584 τά
597 2514 679 2584 ὄντα
710 2515 868 2605 καθαράν
899 2516 1019 2604 νόησιν
1047 2519 1140 2599 ἐλπὶς

122 2617 338 2709 ἀναδραμεῖν.

69 2743 121 2791 223
203 2735 316 2794 Αίτιαι
349 2726 422 2815 μὲν·
443 2719 506 2795 οὑν
543 2720 641 2797 αὑται
672 2732 734 2797 τοὺ
766 2726 829 2818 την
859 2727 1049 2818 τελεστικὴν
1082 2731 1139 2799 καὶ

123 2831 345 2919 μυσταγωγὸν
388 2841 595 2922 φιλοσοφίαν
631 2832 672 2903 τά
710 2834 790 2925 (μὲν
827 2836 973 2926 ῥήματα)
1010 2834 1183 2918 παντὸςει-

122 2941 249 3024 μάλλον
278 2935 381 3027 εὐαγῆ
409 2941 466 3008 καὶ
495 2938 598 3029 σεμνά
626 2945 871 3032 προφέρεσθαι,
898 2941 982 3012 κατά
1010 2941 1049 3012 δὲ
1076 2940 1139 3031 τὴν

123 3043 278 3113 διάνοιαν
317 3042 532 3135 ἀλλοιοτέραν
568 3060 739 3118 ποιεῖσθαι
775 3047 837 3136 τὴν
873 3049 1028 3138 ἐξήγησιν
1070 3052 1139 3119 τῶν
1181 3084 1183 3097 ·

121 3151 294 3222 τοιούτων.
331 3148 348 3220 ὁ
379 3152 416 3222 δὲ
442 3155 501 3241 τῆς
527 3157 595 3221 τῶν
622 3152 719 3242 ἠθῶν
747 3155 1011 3246 ἐπανορθώσεως
1038 3157 1138 3226 ἕνεκα

190 3317 408 3390 2προσανέχων
426 3323 493 3377 Rsk.
521 3322 525 3390 1
558 3317 735 3392 ὅήμασινί]
755 3319 861 3392 ῥήμασι
932 3329 962 3376 11
981 3318 1137 3392 προελόμε-

122 3405 173 3440 νον
192 3385 267 3456 Cob.]
286 3385 496 3457 προειδόμενον
567 3396 598 3444 13
617 3392 772 3459 γίγνωνται
790 3389 827 3459 V]
846 3392 996 3474 γίγνονται
1068 3398 1140 3447 laet

123 3460 154 3507 14
174 3454 206 3508 τὸ
225 3459 311 3510 θεῖον
328 3461 352 3512 V
370 3476 405 3512 m.
424 3476 477 3525 pr.‚
501 3458 557 3510 τῶν
575 3462 668 3512 θείων
685 3477 720 3512 m.
738 3476 759 3512 ε.
829 3463 863 3514 20
885 3453 1083 3528 νπεριδόντας
1098 3456 1138 3529 V]

120 3518 298 3610 ὑπεριδόντα
383 3530 416 3578 25
439 3522 475 3579 τά
493 3523 546 3594 μὲν
565 3522 679 3595 ῥήματα
698 3527 778 3596 [λου]
804 3520 841 3581 τά
995 3531 1032 3590 V,
1057 3567 1101 3585 ...
1121 3545 1141 3583 τ
