2392 3960
120 175 161 240 58
422 175 566 228 IULIANI
585 172 832 225 IMPERATORIS

119 302 338 393 μετήλλαξαν,
379 299 577 390 εὐδαίμονες
618 299 708 390 παρὰ
748 303 810 370 τοῦ
852 299 1005 389 πλήθους
1047 299 1134 369 εἶναι

120 409 321 500 κρινόμενοι.
367 406 452 490 ὅλως
480 407 516 476 δὲ
550 405 612 476 οὐκ
640 413 730 476 ἔστιν
759 404 839 477 οὐδὲ
867 401 927 505 εἷς,
957 403 993 488 ὃς
1021 405 1134 495 ἐπειδη

119 516 241 604 ταύτης
272 513 401 604 ἠξιώθη
429 517 487 602 τῆς
514 517 623 602 τιμῆς,
656 519 687 582 εί
712 514 768 582 καλ
795 511 966 603 μοχθηρὸς
992 510 1135 604 ὕστερον

20 704 23 709 .
119 623 239 710 ε’φάνη,
266 628 424 713 τιμωρίας
451 626 546 709 ἔτυχε
574 616 730 711 μικράςῆ
759 627 920 708 μείζονος·
948 616 1066 708 ἤρκεσε
1096 621 1134 690 δὲ

118 725 224 798 αὐτὸν
252 726 463 816 ἀπηλλάχθαι
490 727 596 815 μόνον
623 728 679 797 καὶ
705 726 812 815 μηδὲν
838 729 987 814 ἐνοχλεῖν
1015 733 1070 795 ἔτι.
1147 766 1160 808 5

68 865 98 921 D
196 850 251 922 Ἐν
279 842 475 932 δὲτούτοις
502 848 627 920 ἅπασιν
655 847 704 920 ω”ν
722 853 778 920 καί
806 848 953 938 γεγονὼς
980 855 1134 935 τοιοῦτος

118 960 152 1039 ἐξ
185 956 286 1048 ἀρχῆς
317 955 443 1046 ἡδονῆς
476 954 621 1046 ἁπάσης,
653 949 676 1047 ᾗ
702 958 881 1048 πρόσεστιν
913 956 1045 1039 όυειδος
1077 960 1133 1027 καὶ

118 1065 252 1154 μικρόν,
285 1062 441 1154 καθαρὰν
468 1061 529 1152 τὴν
560 1062 674 1152 ψυχὴν
706 1064 914 1152 διεφύλαξας.
960 1064 1068 1151 μόνον
1096 1066 1134 1135 δὲ

118 1169 212 1258 οἶμαι
249 1169 287 1239 σὲ
322 1173 391 1238 τάν
436 1170 589 1261 πρόσθεν
626 1167 897 1260 αύτοκρατόρων,
935 1169 1056 1258 σχεδὸν
1095 1173 1132 1241 δὲ

117 1274 204 1365 πλὴν
241 1276 375 1366 σφόδρα
412 1273 537 1362 ὀλίγων
572 1278 628 1345 καὶ
664 1276 800 1345 πάντων
838 1273 1029 1367 ἀνθρώπων
1067 1275 1132 1348 οὐκ
1145 1314 1169 1354 ιο

117 1379 260 1470 ἀνδράσι
287 1383 394 1471 μόνον
421 1383 630 1472 παράδειγμα
657 1382 741 1472 πρὸς
768 1383 997 1472 σωφροσύνην
1024 1408 1131 1473 παρα-

118 1504 210 1576 σχεῖν
237 1489 426 1576 κάλλιστον,
460 1491 513 1558 καὶ
542 1490 676 1576 γυναιξὶ
704 1488 741 1557 δὲ
767 1492 826 1577 τῆς
853 1487 937 1579 πρὸς
963 1487 1044 1570 τούς
1072 1488 1131 1560 ἀν-

56 1621 97 1671 4⁷
117 1599 198 1684 δρας
225 1601 412 1676 κοινωνίας.
444 1593 507 1664 ὅσα
536 1593 600 1684 γάρ
628 1598 769 1676 ἐκείναις
796 1592 1068 1686 ἀπαγορεύουσιν
1097 1602 1134 1667 οί

115 1700 214 1790 νόμοι
248 1705 311 1770 τού
341 1708 487 1790 γνησίως
520 1701 669 1789 φύεσθαι
705 1701 785 1783 τοὺς
821 1707 944 1784 παῖδας
980 1703 1131 1790 ἐπιμελό-

116 1834 225 1894 μενοι,
261 1811 366 1876 ταύτα
403 1804 421 1876 ό
458 1807 557 1894 λόγος
594 1805 793 1897 ἀπαγορεύει
829 1824 900 1890 ταῖς
937 1811 1132 1897 ἐπιθυμίαις
1146 1842 1169 1885 15

114 1911 203 2002 παρά
232 1921 294 1983 σοί.
341 1911 412 1983 ἀλλ’
442 1909 525 2003 ὑπὲρ
553 1914 615 2003 μὲν
641 1914 771 1984 τούτων
803 1920 889 2003 ἔχων
917 1921 964 1983 ἔτι
990 1922 1131 1986 πλείονα

115 2019 223 2106 λέγειν
251 2018 381 2109 ἀφίημι.
417 2023 476 2109 τῆς
503 2021 699 2112 φρονήσεως
722 2022 760 2090 δὲ
778 2018 873 2102 ἀξιον
900 2021 962 2110 μὲν
990 2027 1130 2092 ἔπαινον

114 2130 264 2195 διελθεῖν
292 2124 448 2214 οὐδαμῶς
475 2124 621 2217 εὐχερές,
650 2126 750 2216 μικρά
778 2126 814 2196 δὲ
843 2124 931 2215 ὅμως
958 2129 1013 2196 καὶ
1042 2124 1129 2219 ὑπὲρ

114 2336 207 2425 οἶμαι
238 2339 424 2429 πιστότερα.
470 2337 512 2408 ού
540 2339 604 2428 γάρ
636 2342 727 2407 ἐστιν
755 2339 843 2421 είκὸς
875 2339 1042 2429 τοσαύτην
1070 2339 1129 2431 ἀρ·
1143 2374 1169 2414 ιο

69 2465 97 2520 Β
115 2443 178 2531 χὴν
210 2448 265 2514 καὶ
303 2446 450 2532 δύναμιν
481 2442 525 2532 μὴ
562 2443 652 2534 παρά
688 2448 745 2534 τῆς
783 2455 856 2533 ίσης
893 2449 1130 2536 διοικουμένην

113 2552 169 2618 καὶ
197 2553 429 2640 κρατουμένην
456 2550 653 2641 φρονήσεως
681 2549 780 2642 [πρὸς
805 2555 969 2621 τοσούτου
987 2555 1130 2642 μέγεθος

114 2652 297 2744 ἀφικέσθαι
325 2659 381 2726 καὶ
408 2657 528 2738 κάλλος
555 2658 719 2747 πράξεων·
748 2655 920 2746 ἀγαπητὸν
949 2661 996 2746 δέ,
1025 2666 1057 2728 εί
1072 2662 1128 2729 καὶ

112 2765 152 2851 τῇ
166 2763 249 2853 τύχη
268 2763 375 2851 μόνον
390 2769 466 2851 δίχα
481 2763 676 2854 φρονήσεως
695 2767 947 2855 ίπιτρεπομίνη]
968 2767 1020 2834 ἐπὶ
1039 2764 1127 2836 πολύ

197 3007 213 3055 5
240 2996 431 3075 ἀπηλλάχθαι
452 3003 490 3072 V]
520 3000 687 3072 ἀπηλέχθαι
713 2998 916 3074 (ἀπηλέγχθάι
939 3003 983 3072 Μ)
1053 3009 1069 3057 6
1096 2999 1128 3059 ἐν

113 3064 150 3134 δὴ
173 3073 204 3152 V,
270 3076 286 3124 9
308 3068 390 3151 οἶμαι
414 3067 444 3124 σὲ
467 3072 593 3142 Βουκολ]
618 3068 703 3140 οἶμαί
725 3090 755 3127 σε
842 3078 874 3127 13
897 3065 1128 3194 ἀπαγορεύουσιν

112 3139 151 3206 V]
184 3155 399 3206 απαγορευουοι
495 3145 527 3194 14
558 3139 681 3210 γνησίως
706 3141 747 3212 V]
783 3142 919 3210 γνησίους
952 3143 956 3204 Ι
1009 3137 1127 3210 πιμελό-

112 3223 195 3271 μενοι
213 3204 283 3287 VM]
304 3203 525 3275 ἐπιμελούμενοι
595 3212 626 3262 16
643 3206 723 3293 παρά
740 3207 785 3263 ool
803 3208 871 3276 VM]
889 3203 969 3273 παρά
986 3224 1032 3261 σοι
1093 3213 1127 3262 22

111 3275 206 3325 Verba
223 3292 294 3343 προς
312 3275 450 3329 τοσοῦτον
469 3305 501 3314 -
519 3276 589 3344 δίχα
607 3293 772 3345 φρουησεως
795 3271 984 3345 ἐπιτρεπομέν
1021 3278 1127 3330 habent

111 3345 146 3406 V,
167 3343 253 3395 codex
270 3345 442 3425 Anglieanus
459 3346 532 3411 apud
550 3348 707 3410 Petavium,
731 3347 828 3412 spanh.
849 3344 933 3412 (quae
951 3296 1024 3411 πολε
1041 3341 1127 3399 τοῦτο

111 3410 182 3476 legit
203 3428 252 3476 pro
274 3427 347 3476 προς
367 3409 529 3478 τοσούτου),
554 3416 685 3466 omittunt
706 3415 736 3464 M
758 3422 786 3465 et
809 3420 864 3479 pet.
939 3417 973 3466 24
998 3410 1032 3480 τῇ
1056 3407 1128 3480 τύχη

111 3479 197 3542 Wytt.
224 3484 252 3530 et
280 3475 407 3548 Sabaei]
432 3475 503 3547 τύχη
537 3480 542 3547 Ι
578 3475 625 3533 ἐπὶ
654 3477 729 3534 πολύ
758 3478 857 3547 μένειν
886 3498 938 3533 om.
968 3484 993 3535 V
1017 3482 1125 3548 Anglio.

111 3547 220 3612 spanh„
237 3545 318 3613 μένει
335 3548 501 3600 emendabat
517 3552 606 3615 Wytt.
1128 3580 1132 3588 ·
