2392 3960
103 151 172 226 360Δ
404 150 546 202 mmm
569 150 812 202 IMPERATORIS

103 280 219 369 κύριος
251 270 295 366 ἦν
327 279 383 347 καὶ
414 279 527 366 μέντοι
559 275 615 346 διὰ
651 276 759 364 πάσης
792 274 897 347 αύτὸν
934 274 1030 364 ἄγων
1060 280 1115 366 τῆς

104 390 264 465 Κελτίδος
291 399 363 466 ταῖς
380 383 517 453 πόλεσιν
536 383 756 452 ἐπιδεικνύειν
783 383 838 452 καὶ
863 381 974 472 ὥσπερ
1002 386 1114 472 ἐντρυ-

106 495 176 578 φάν
194 493 256 559 τοῦ
269 495 508 578 Χνοδομαρίον
527 505 598 570 ταῖς
618 486 954 579 συμφοραῖς,[ούδελς
969 488 1116 577 ἐκώλυε]
1157 546 1160 563 .

61 598 234 676 θτούτων
263 593 364 664 οὐδὲν
393 593 511 689 ςόήθην
539 599 611 664 δεῖν
639 594 810 684 πράττειν,
838 591 920 665 ἀλλὰ
946 595 1034 685 πρὸς
1059 593 1117 666 τὸν

105 701 342 773 Κωνστάντιον
369 699 473 772 αὐτὸν
501 699 630 783 εὐθέως
657 697 841 790 ἀπέπεμψα,
867 700 942 771 τότε
965 698 1033 772 άπὸ
1051 704 1137 771 τῶνε

106 808 275 879 Κονάδων
292 810 348 878 καλ
367 811 599 897 Σαυροματῶν
618 806 806 876 ἐπανιόντα.
844 809 970 896 συνέβη
989 813 1117 894 τοίνιαι,

106 919 188 1004 ε’μού
205 915 267 1003 μὲν
285 912 550 1002 ἀγωνισαμένου,
578 915 709 982 ἐκείνου
733 912 770 983 δὲ
789 909 994 994 ὁδεύσαντος
1012 914 1118 1002 μόνον
1157 892 1160 1033 i

105 1024 161 1091 καὶ
194 1028 312 1110 φιλίως
344 1020 542 1108 ἐντυχόντος
572 1035 643 1100 τοῖς
674 1023 875 1109 παροικοῦσι
904 1017 966 1090 τὸν
987 1018 1118 1108 Ἵστρον
1158 1036 1160 1059 ’

106 1134 253 1213 ἔθνεσιν,
282 1123 343 1214 ούχ
369 1122 465 1214 ἡμᾶς,
493 1122 564 1194 ἀλλ’
595 1127 725 1194 ἐκείνου
747 1128 984 1215 θριαμβεῦσαι.
1019 1123 1059 1196 τὸ
1078 1124 1118 1213 δὴ

20 1310 29 1319 ‚
106 1231 189 1322 μετά
213 1235 312 1302 τούτο
331 1232 486 1323 δεύτερος
513 1229 665 1312 ἐνιαυτὸς
687 1231 743 1299 καὶ
765 1238 887 1322 τρίτος,
913 1232 970 1301 καὶ
998 1231 1118 1314 πάντες
1127 1256 1146 1297 ιι

107 1339 167 1426 μὲν
195 1337 400 1424 άπελήλαντο
427 1341 485 1427 τής
514 1344 678 1418 Γαλατίας
705 1341 741 1405 οί
765 1337 942 1428 βάρβαροι,
968 1346 1118 1407 πλεῖσται

107 1444 145 1513 δὲ
177 1443 419 1532 άνελήφθησαν
450 1448 519 1513 τῶν
549 1444 695 1528 πόλεων,
732 1453 942 1534 παμπληθεῖς
978 1443 1018 1514 δὲ
1055 1442 1117 1515 άπὸ

106 1555 164 1638 τής
190 1555 412 1640 Βρεττανίδος
443 1553 528 1631 ναῦς
560 1548 766 1637 ἀνήχθησαν.
812 1551 996 1631 ἑξακοσίων
1026 1553 1119 1639 νηῶν

54 1654 285 1744 οοοάνήγαγον
313 1655 443 1742 στόλον,
472 1647 521 1724 οἷν
546 1654 605 1736 τάς
623 1661 837 1742 τετρακοσίας
864 1657 901 1724 ἐν
928 1652 1012 1725 ούδδ
1030 1653 1118 1739 ὅλοις

107 1765 187 1852 μησλ
215 1764 295 1832 δέκα
322 1762 624 1850 ναυπηγησάμενος
650 1759 758 1842 πάσας
776 1761 957 1849 εἰσήγαγον
985 1767 1033 1844 είς
1060 1760 1147 1833 τόνοι

104 1865 237 1958 Ῥῆνον,
271 1875 370 1956 ἔργον
399 1865 440 1936 ού
468 1867 589 1956 μικρὸν
621 1865 677 1935 διά
704 1863 783 1948 τούς
810 1869 1039 1955 ἐπικειμένους
1066 1870 1118 1939 καί

108 1978 353 2064 παροικούντας
384 1980 526 2062 πλησίον
558 1972 758 2062 βαρβάρους.
804 1969 822 2041 ὁ
850 1976 937 2060 γοῦν
964 1977 1120 2064 Φλωρέν-

107 2109 177 2162 τιος
214 2079 321 2161 ούτως
357 2077 439 2173 ςόετο
476 2083 575 2148 τοῦτο
617 2076 808 2164 άδύνατον,
845 2076 929 2149 ὥστε
966 2076 1120 2171 ιἰργύρου

109 2193 271 2276 δισχιλίας
311 2193 423 2276 λίτρας
463 2181 621 2273 ύπέσχετο
668 2182 794 2272 μισθόν
835 2182 1008 2255 ἀποτίσειν
1052 2202 1122 2269 τοῖς

109 2293 292 2383 βαρβάροις
328 2289 411 2382 ύπδρ
448 2295 507 2380 τής
542 2290 710 2382 παρόδου,
747 2292 802 2360 καὶ
835 2287 853 2360 ὁ
886 2292 1152 2375 Κωνστάντιοςιι

109 2396 192 2490 ὑπὲρ
219 2399 341 2470 τούτου
368 2399 502 2487 μαθων·
531 2397 731 2467 ἐκοινώσατο
759 2395 823 2487 γὰρ
852 2394 942 2490 αύτῷ
968 2400 1123 2489 περὶτῆς

73 2507 247 2588 Βδόσεως
275 2504 459 2574 ἐπέστειλεν
477 2501 558 2573 αύτὸ
586 2503 669 2593 πρός
692 2529 742 2590 με,
769 2502 926 2591 πράττειν
953 2504 1122 2591 κελεύσας,

110 2619 142 2681 εί
167 2612 211 2700 μή
238 2612 449 2680 παντάπασιν
477 2610 617 2698 αίσχρόν
643 2637 700 2698 μοι
728 2615 860 2697 φανείη.
905 2613 975 2691 πῶς
1003 2610 1042 2679 δέ
1060 2608 1124 2681 ούκ

109 2710 153 2807 ήυ
181 2717 331 2805 αἰσχρόν,
359 2714 446 2786 ὅπου
465 2723 690 2808 Κωνσταντίφ
712 2709 869 2784 τοιοῦτον
897 2715 1018 2803 ἐφάνη,
1045 2723 1124 2787 λίαν

110 2825 246 2894 εἰωθότι
272 2823 474 2913 θεραπεύειν
500 2821 580 2904 τοὺς
606 2821 813 2912 βαρβάρουςς
842 2821 948 2910 ἐδόθη
966 2821 1035 2911 μὴν
1062 2820 1157 2893 αύ-ιι

110 2946 180 3012 τοῖς
208 2927 322 3000 ούδέν·
350 2926 421 2998 ἀλλ’
452 2929 502 2999 ἐπ’
533 2925 657 3010 αύτούς
680 2927 897 3017 στρατεύσας,
920 2925 1125 3015 ἀμυνόντων

197 3187 211 3234 1
230 3175 318 3250 ἄγων]
342 3181 425 3234 είλων
445 3188 498 3247 μοι.
585 3184 600 3232 2
618 3173 734 3233 πόλεσιν
753 3180 789 3248 V]
809 3174 911 3234 πόλεσι
990 3174 1126 3244 θοόδελς

112 3247 217 3306 ἐκιόλνε
241 3251 345 3302 delevit
362 3249 428 3304 Cob.
513 3252 529 3301 8
552 3249 661 3314 φιλίοις
683 3249 751 3304 ask.
838 3251 869 3299 12
890 3241 1084 3317 παμπλήθεις
1100 3251 1126 3304 V

113 3324 143 3372 13
167 3319 217 3387 τῆς
237 3316 316 3384 Cob.]
342 3313 394 3384 γῆς
426 3321 431 3381 Ι
464 3315 673 3383 βρετανίδοςν
706 3317 710 3383 Ι
743 3315 816 3376 ναός
839 3323 868 3368 οι
889 3315 980 3384 νηῶν,
1003 3318 1126 3371 vitiom

112 3391 225 3452 formae,
242 3387 363 3437 librariis
382 3385 509 3437 videntur
527 3386 621 3467 potius
640 3386 736 3436 deberi
755 3400 837 3450 quam
853 3385 908 3451 ipsi
925 3385 1035 3438 Iullnno
1092 3388 1127 3439 Β

112 3453 256 3509 ἐπέστειλε
273 3446 344 3519 πρός
362 3470 398 3518 με
417 3447 449 3506 τό
468 3444 539 3504 αύτο
559 3451 696 3516 πράττειν
714 3445 852 3513 κελεύσας
869 3451 1023 3505 Horkoliun
1091 3455 1127 3507 2⁶

111 3517 168 3590 μὴν
187 3521 225 3584 Η]
245 3519 299 3588 μὲν
368 3513 464 3574 262'22’
485 3518 520 3585 V]
541 3511 587 3572 ἕπλ
