2392 3960
125 155 187 219 208
426 154 571 206 ιυττωιτ
592 152 841 205 ιυυυεατοιειε

126 280 244 352 ἀντίον
270 280 331 350 τὸν
359 284 455 370 ῥοῦν,
482 278 502 369 ἡ
532 280 569 349 δὲ
597 277 659 367 οὐχ
686 283 803 349 εἵπετο.
841 274 915 370 (ῶς)
947 282 1087 372 βραχέσι
1107 280 1145 351 δδ

125 388 376 476 ἐντετυχηκότες
404 385 509 457 ῶθεῖν
536 389 715 476 ἐπειρῶντο
744 384 806 473 τὴν
833 388 932 475 ναῦν,
951 383 981 475 ἡ
1011 387 1048 455 δδ
1082 384 1145 457 οῦκ

127 494 215 564 εἶκεν
244 491 438 563 ῶθοόντων.
474 496 564 562 πᾶσα
593 493 630 561 δὲ
657 490 787 581 μηχανὴ
815 494 1001 583 προσήγετο
1029 491 1067 563 τὸ
1090 496 1144 563 ἐν·

127 604 259 688 τεῦθεν,
287 597 307 688 ἡ
337 601 374 669 δὲ
402 598 464 688 οὐχ
492 591 592 688 ἦττον
620 596 857 687 όιμετακίνητος
884 590 940 689 ἦν·
974 597 1060 669 ῶστε
1088 602 1144 689 ἑμ-

127 715 237 777 πίπτει
264 705 346 776 κατδι
378 709 435 795 τῆς
463 708 643 797 ἱερωμένης
670 703 732 792 τὴν
765 707 1019 794 παναγεστότην
1047 711 1171 797 ίερω-ε

129 813 236 902 σόνην
263 814 438 902 παρθένου
467 810 560 900 δεινὴ
589 814 644 881 καὶ
674 810 789 893 όίδιιιος
820 809 964 900 ὑποψία,
997 814 1053 881 καὶ
1081 812 1145 902 τὴν

129 926 286 990 Κλωδίαν
318 918 474 1009 ᾐτιῶντο·
508 922 607 988 τοῦτο
640 917 704 1008 γὰρ
741 915 848 1007 όνομα
881 911 924 1007 ἦν
960 922 1000 1009 τη
1037 923 1145 1010 σεμνῇ

86 1030 300 1119 Οπαρθένω·
337 1024 378 1114 μδ
414 1026 625 1095 παντάπασιν
663 1022 830 1115 ἄχραντον
866 1025 949 1114 μηδὲ
986 1023 1146 1117 καθαρῶν

128 1133 308 1222 φυλάττειν
337 1129 459 1220 ἑαυτὴν
477 1135 517 1221 τῇ
535 1135 619 1224 θεῷ’
648 1129 840 1221 ὀργίζεσθαι
868 1123 932 1200 οῦν
960 1130 1068 1221 αὐτὴν
1087 1135 1146 1202 καί

128 1245 260 1328 μηνίειν
292 1241 461 1329 ἐμφανῶς·
495 1238 602 1307 ἐδόκει
635 1237 699 1329 γὰρ
731 1236 796 1326 ἤδη
828 1252 898 1320 τοῖς
925 1242 1028 1308 πᾶσιν
1056 1238 1146 1308 εἶναι
1161 1270 1187 1309 ιο

126 1344 164 1414 τὸ
198 1348 306 1437 χρῆμα
340 1345 608 1436 δαιμονιώτερον.
654 1341 674 1433 ἡ
704 1345 741 1413 δὲ
768 1342 805 1413 τῦ
834 1345 896 1432 μὲν
929 1349 1064 1435 πρῶτον
1093 1352 1145 1414 αί-

129 1455 211 1533 δοῦς
244 1448 472 1540 ὑπεπίμπλατο
505 1451 587 1542 πρός
613 1479 648 1520 τε
679 1449 717 1519 τῦ
745 1448 852 1539 όνομα
884 1453 940 1520 καὶ
970 1448 1032 1540 τὴν
1059 1448 1145 1522 ῦπο-

128 1565 224 1640 μίαν·
260 1556 347 1627 οὕτω
380 1558 470 1627 πάνυ
503 1558 616 1648 πόρρω
650 1557 809 1646 ἐτύγχανε
835 1561 894 1646 τῆς
921 1562 1060 1648 αἰσχρᾶς
1087 1562 1145 1629 καὶ

128 1664 326 1754 παρανόμου
358 1664 513 1755 πράξεως.
557 1665 625 1732 ἐπεὶ
659 1664 695 1733 δὲ
727 1663 814 1755 ἑώρα
845 1662 906 1753 τὴν
939 1670 1049 1733 αἰτίαν
1077 1663 1144 1755 ἤδη

128 1768 207 1840 καθ’
240 1773 358 1859 ἑαυτῆς
386 1772 615 1859 ἐξισχόουσαν,
643 1774 842 1860 περιελοῦσα
860 1769 922 1859 τὴν
950 1770 1059 1860 ζῶνην
1086 1775 1144 1842 καὶ
1160 1798 1186 1841 ιι

128 1888 303 1968 περιθεῖσα
330 1881 387 1966 τῆς
414 1876 498 1959 νεῶς
524 1892 595 1958 τοῖς
622 1875 745 1966 όίιιροις,
774 1874 883 1967 ῶσπερ
907 1880 940 1959 ἐξ
968 1881 1146 1962 ἐπιπνοίας

84 1981 221 2065 Βτινὸς
252 1981 438 2075 ἀποχωρεῖν
466 1986 616 2053 εἰιέλευεν
648 1982 810 2070 ἅπαντας,
843 1982 913 2052 εἶτα
946 1987 1052 2054 ἐδεῖτο
1084 1988 1145 2074 τῆς

128 2093 214 2159 θεοῦ
241 2090 285 2179 μὴ
304 2097 467 2183 περιιδεῖν
486 2086 592 2180 αῦτὴν
621 2087 748 2170 ἀδίκοις
767 2092 966 2180 ἐνεχομίνην
989 2098 1145 2181 βλασφη-

129 2203 227 2284 μίαις.
264 2201 379 2283 βοῶσα
399 2197 436 2266 δὲ
464 2195 573 2287 ῶσπερ
596 2225 628 2266 τι
646 2199 820 2285 αὲλευσμα,
848 2203 943 2285 φασί,
970 2198 1145 2287 ναυτικόν,

128 2305 301 2372 Δέσποινα
320 2308 447 2394 Μῆτερ,
476 2313 566 2393 είπερ
595 2304 660 2391 είμὶ
680 2302 838 2391 σῶφρων,
866 2306 949 2373 ἕπου
972 2332 1038 2392 μοι,
1067 2311 1145 2395 ἔφη.
1160 2332 1187 2373 εο

128 2411 184 2479 καὶ
212 2408 254 2498 δὴ
282 2409 343 2498 την
370 2413 458 2479 ναῦν
486 2407 548 2479 οῦα
576 2412 708 2498 ἐκίνησε
735 2410 856 2498 μόνον,
885 2407 967 2480 ἀλλὰ
993 2412 1048 2480 καί
1077 2416 1146 2481 είλ-

127 2538 230 2585 κυσεν
258 2519 310 2584 ἐπὶ
337 2514 424 2586 πολῦ
451 2514 533 2607 πρὸς
559 2514 619 2586 τὸν
647 2520 746 2605 ῥοῦν·
775 2517 830 2585 ιιαὶ
858 2517 921 2586 δύο
939 2520 1044 2586 ταῦτα
1064 2514 1146 2587 Ῥω-

128 2628 238 2708 μαίοις
265 2625 389 2704 ἔδειξεν
407 2619 427 2711 ἡ
446 2621 527 2704 θεὸς
555 2621 647 2711 οἶμαι
670 2620 742 2692 κατ’
773 2625 905 2711 ἐκείνην
923 2622 985 2712 τὴν
1003 2620 1145 2715 ἡμέραν,

128 2724 173 2809 ῶς
201 2725 278 2797 οῦτε
305 2733 426 2820 μιαροῦ
453 2757 545 2811 τινος
571 2736 683 2817 τίμιον
710 2726 774 2798 ἀπὸ
801 2727 859 2818 της
888 2737 1037 2831 Φρυγίας
1065 2734 1146 2821 ἐπη-

77 2848 196 2921 161γον
222 2834 282 2904 τὸν
315 2837 457 2926 φόρτον,
490 2833 572 2905 ιἰλλόι
599 2839 661 2905 τοῦ
693 2835 818 2916 παντὸς
850 2835 958 2924 ῦξιον,
991 2834 1070 2907 οῦτε
1098 2833 1184 2921 ῶςει

129 2938 347 3030 ἇνθρῶπινον
374 2946 506 3030 τοῦτον,
535 2939 617 3011 ἀλλὰ
646 2940 750 3024 όντως
767 2955 876 3031 θεῖον,
905 2940 982 3012 οῦτε
1009 2941 1146 3034 ἄψυχον

127 3050 202 3135 γῆν,
231 3046 313 3117 ιἰλλδι
341 3056 491 3137 ἔμπνουν
518 3076 549 3116 τι
576 3052 685 3138 χρῆμα
711 3051 768 3118 καὶ
796 3050 981 3139 δαιμόνιον.
1018 3054 1058 3119 ἓν
1080 3050 1146 3141 μὲν

128 3151 169 3241 δὴ
203 3158 358 3224 τοιοῦτον
391 3159 515 3238 ἔδειξεν
549 3153 663 3236 αὐτοῖς
695 3152 715 3243 ἡ
743 3155 837 3237 θεός
870 3159 983 3247 ἕτερον
1012 3158 1064 3245 δέ,
1099 3154 1146 3242 ῶς

197 3400 208 3446 1
229 3392 267 3477 ὥς
286 3397 347 3453 add,
365 3398 448 3479 Petu
517 3400 547 3467 1¹6
565 3396 616 3480 τῇς
634 3388 725 3464 ῦιιρας
744 3414 830 3464 marg.
849 3403 909 3474 μετ,
992 3397 1024 3477 Ιβ
1048 3390 1145 3466 αῦτήν

127 3463 163 3530 11]
184 3459 276 3531 αὐτην
362 3468 395 3516 24
413 3481 480 3518 οντε
498 3464 537 3531 Η]
558 3459 627 3517 ουδὲ
715 3468 747 3516 24
760 3473 789 3517 et
801 3469 834 3517 25
857 3458 966 3532 ἐπηγον
984 3461 1047 3531 ιον]
1066 3466 1145 3519 Fort.

128 3525 268 3599 ἐπήγοντο
337 3536 371 3586 25
390 3524 456 3587 οῦτε
475 3531 513 3600 Η]
534 3525 604 3586 οῦδὲ
673 3536 706 3584 26
725 3525 792 3586 οὔτε
810 3531 847 3599 Η]
867 3524 936 3586 οῦδὲ
