2392 3960
102 184 162 249 122
400 185 544 238 Ιυειεαι
565 185 813 238 εαεεεευοεεε

100 314 214 397 όπλοις
241 312 391 402 ὕστερον.
436 312 537 382 πάλιν
566 312 602 381 δὲ
631 315 779 383 ἐνταῦθα
807 315 929 381 ἐκείνοι
956 313 1018 400 μέν
1045 338 1113 382 που

99 421 136 492 τὸ
164 425 270 490 νικᾶν
290 416 553 508 τεθαυμάκασιν·
582 417 646 505 ἐγώ
677 419 712 488 δέ
740 417 827 488 πολὺ
855 421 957 488 πλέον
984 418 1022 488 τὸ
1052 419 1133 500 ξὺν·

101 535 177 617 δίκη
205 528 266 616 μὲν
294 525 473 595 ἀνελέσθαι
501 523 561 594 τὸν
588 527 749 614 πόλεμον,
778 531 960 612 διενεγκεῖν
989 525 1026 594 δέ
1054 522 1113 594 ἀν-

101 641 219 722 δρείως
250 635 305 702 καὶ
338 632 425 721 μάλα
463 635 638 720 ἐμπείρως,
676 635 848 719 ἐντιθείσης
881 632 918 700 δέ
949 629 987 700 τό
1019 634 1114 714 τέλος

98 744 156 830 τῆς
183 741 285 828 τύχης
313 737 423 820 δεξιὸν
451 737 640 827 χρήσασθαι
672 741 712 827 τῇ
739 745 815 827 νίκη
845 739 1030 826 σωφρόνως
1056 741 1139 807 καλε

100 850 292 936 βασιλικῶς,
329 847 384 914 καὶ
426 843 511 926 όλως
551 843 646 926 ἀξιον
681 848 743 913 τοῦ
779 859 913 933 κρατεῖν
954 848 1114 933 φανήναι.

58 955 268 1043 Ββοόλεσθε
295 944 359 1022 οὖν
387 953 442 1020 καὶ
469 950 599 1020 τούτων
626 949 707 1039 ὑμῖν
726 949 835 1039 ὥσπερ
864 953 992 1032 ἐντοῖς
1019 957 1113 1020 δικα-

100 1067 248 1149 στηρίοις
280 1056 440 1146 ὀνομαστὶ
472 1061 624 1146 καλῶμεν
651 1056 730 1138 τοὺς
762 1058 945 1146 μάρτυρας;
977 1059 1034 1126 καὶ
1062 1054 1114 1127 ότι

100 1167 161 1256 μὲν
190 1163 301 1246 οόδείς
333 1190 384 1233 πω
412 1165 553 1252 πόλεμος
585 1167 727 1251 συνέστη
755 1163 918 1252 πρότερον
951 1161 1031 1233 οάδέ
1060 1166 1114 1233 ἐπὶ

99 1271 161 1361 τήν
200 1278 325 1360 Τροίαν
362 1285 432 1351 τοῖς
459 1269 615 1358 Ἕλλησιν
658 1267 739 1340 οόδέ
775 1272 828 1339 ἐπὶ
865 1268 944 1351 τοὺς
979 1273 1115 1359 Πέρσας
1129 1294 1153 1334 ιο

101 1378 313 1464 Μακεδόσιν,
352 1379 445 1466 οἵπερ
485 1375 526 1465 δή
565 1380 725 1446 δοκοῦσιν
758 1379 795 1445 έν
828 1382 904 1465 δίκη
941 1379 1113 1464 γενέσθαι,

100 1485 268 1572 τοσαύτην
295 1489 380 1572 ἔχων
407 1479 583 1569 ὑπόθεσιν,
611 1485 665 1553 καί
693 1490 791 1553 παιδί
814 1509 881 1552 που
901 1487 1015 1571 δήλου,
1042 1498 1114 1565 τοῖς

100 1595 161 1680 μέν
189 1619 225 1678 γε
258 1597 335 1659 λίαν
368 1588 515 1679 ἀρχαίων
548 1588 761 1678 ἀδικημάτων
793 1596 952 1678 τιμωρίας
979 1590 1114 1680 σφόδρα

100 1700 262 1786 νεωτέρας
295 1693 366 1765 οὔτ’
401 1701 448 1777 είς
483 1701 605 1777 παῖδας
638 1694 714 1765 οότε
746 1702 793 1778 είς
824 1695 987 1782 ἐγγόνους
1018 1724 1113 1784 γενο-

101 1808 212 1893 μένης,
240 1800 323 1872 ἀλλά
356 1807 403 1884 είς
429 1801 489 1871 τὸν
522 1799 730 1892 ἀφελόμενον
757 1805 812 1872 καὶ
841 1800 1115 1891 ἀποστερήσαντα
1128 1824 1154 1866 ιτ

63 1910 161 1999 Οτήν
189 1907 294 1999 ἀρχήν
321 1908 400 1990 τοὺς
430 1913 499 1978 τῶν
527 1907 758 1998 ἀδικησάντων
786 1906 988 1995 ἀπογόνους·
1019 1906 1115 1997 Ἀγα-

100 2020 235 2106 μέμνων
263 2015 300 2084 δέ
328 2013 459 2105 ὥρμητο

183 2148 349 2210 Τίσασθαι
374 2136 506 2229 Ἑλένης
534 2137 707 2230 ὁρμήματά
734 2168 768 2210 τε
797 2139 960 2228 στοναχάς
987 2167 1032 2226 τε,

100 2268 156 2334 καὶ
189 2267 241 2334 ἐπὶ
272 2263 352 2346 τοὺς
387 2268 502 2353 Τρῶας
534 2265 706 2353 ἐστράτευε
739 2281 882 2352 γυναῖκα
914 2271 995 2352 μίαν
1027 2267 1114 2334 ἐκδι-

100 2388 172 2442 κεῖν
200 2374 337 2442 ἐθέλων.
381 2374 428 2463 τῷ
457 2371 494 2440 δέ
513 2378 560 2440 ἐτι
579 2371 640 2459 μέν
667 2363 710 2459 ήν
729 2370 833 2459 νεαρά
856 2370 896 2439 τά
916 2369 1114 2460 ἀδικήματα,
1129 2394 1155 2434 ²⁰

99 2471 180 2567 ήρχε
209 2478 246 2547 δὲ
279 2475 320 2547 οὐ
352 2476 435 2546 κατὰ
463 2487 611 2566 Δαρεῖον
644 2475 724 2546 οὐδὲ
751 2485 908 2566 Πρίαμον
941 2474 1026 2566 ἀνὴρ
1059 2474 1114 2547 εὐ-

99 2582 199 2672 γενής
230 2585 286 2652 καί
318 2582 421 2672 τυχόν
458 2582 503 2652 δι’
539 2580 660 2673 ἀρετήν
691 2580 711 2671 ή
745 2582 828 2652 κατὰ
859 2587 957 2670 γένος
988 2605 1114 2674 προση-

100 2691 224 2778 κούσης
252 2687 341 2782 αὐτῷ
369 2695 427 2779 τῆς
454 2697 623 2778 βασιλείας
656 2687 824 2778 ἀξιωθείς,
857 2688 940 2759 ἀλλά
972 2687 1114 2780 ἀναιδής

99 2799 155 2866 καὶ
174 2794 296 2886 τραχὺς
319 2797 489 2886 βάρβαρος
511 2801 579 2866 τῶν
607 2796 802 2865 ἑαλωκότων
830 2795 872 2866 οὐ
894 2795 958 2886 πρὸ
977 2800 1115 2867 πολλοῦ.
1142 2878 1146 2884 ,

6 2946 9 2950 ’
55 2909 81 2962 D
100 2905 156 2972 καὶ
185 2902 247 2972 ὅσα
275 2903 336 2991 μὲν
368 2906 486 2994 ἐπραξε
517 2905 573 2972 καὶ
602 2901 691 2984 ὅπως
718 2895 828 2992 ἦρχεν,
858 2901 935 2973 οὔτε
962 2899 1029 2990 ήδό
1057 2922 1154 2992 μου*

100 3013 210 3095 λέγειν
243 3008 320 3079 οότε
348 3012 385 3079 ἐν
417 3014 536 3102 καιρῷ·
570 3013 606 3079 ἐν
639 3016 716 3099 δίκη
745 3010 781 3078 δὲ
814 3008 864 3080 ότι
891 3008 975 3099 πρὸς
1007 3007 1116 3080 αὐτὸν

100 3118 312 3204 ἐπολέμησεν,
341 3114 511 3206 ἀκηκόατε.
557 3120 614 3206 τῆς
643 3116 680 3186 δέ
699 3120 867 3206 ἐμπειρίας
894 3118 950 3185 καί
977 3119 1035 3198 τίς
1054 3114 1115 3187 ἀν-

169 3290 298 3338 1κεινοι
320 3280 388 3353 V‚'
390 3291 484 3340 κεῖνοι
506 3289 535 3336 Μ
604 3282 715 3339 2πολό
740 3285 827 3339 πλέον
846 3288 907 3339 add
926 3289 949 3338 V
1013 3282 1115 3379 4ἕπι·

99 3348 208 3502 ειη
228 3356 293 3474 ω
311 3423 336 3472 v
352 3324 584 3542 μιαν
593 3348 738 3502 ,ια
760 3347 833 3542 ηε
852 3349 926 3474 ι
902 3345 1085 3492 Ηαα

99 3491 205 3554 νεαρᾶς
223 3481 352 3572 ΗΙοότε
371 3486 460 3550 είςπ.
480 3483 584 3542 νΜΙέ
585 3483 706 3610 γγόνους
725 3483 791 3556 VJ&
793 3483 913 3557 κγόνους
984 3492 1115 3545 1811ἰιιδ.

99 3557 126 3624 β,
145 3561 194 3609 356
263 3562 297 3610 20
315 3551 483 3626 ἀδικήματα
500 3557 568 3625 VM]
591 3552 771 3625 έκδικήματα
840 3561 874 3609 24
891 3553 999 3626 βραχὺς
1016 3561 1041 3612 V
