2392 3960
238 156 419 207 EPISTOLA
437 156 487 208 AD
506 155 534 208 S.
554 157 584 208 P.
604 157 638 217 Q.
655 155 927 207 ATHENIENSEM.
1038 154 1103 219 349

85 282 103 354 ὁ
141 283 463 372 φιλανθρωπότατος
496 274 595 363 οὗτος
630 279 787 369 βασιλεὺς
824 276 879 351 οἷα
915 282 1102 373 εἰργάσατο,

87 393 122 472 ἓξ
151 390 212 479 μὲν
231 387 391 471 ἀνεψιοὺς
417 392 500 476 ἐμοῦ
518 415 553 458 τε
571 389 627 458 καὶ
646 391 779 474 ἑαυτοῦ,
806 390 931 479 πατέρα
955 389 992 458 δέ
1010 389 1102 478 ἐμόν,

87 499 213 565 ἑαυτοῦ
241 495 278 563 δὲ
295 506 404 582 θεῖον,
431 496 488 564 καὶ
506 493 642 586 προσέτι
659 492 778 564 κοινὸν
803 497 919 585 ἕτερον
941 494 1001 565 τὸν
1020 491 1103 584 πρὸς
1121 510 1145 561 D

85 602 211 690 πατρὸς
251 613 349 671 θεῖον
390 598 541 689 ἀδελφόν
580 628 616 671 τε
652 601 734 691 ἐμὸν
773 600 833 670 τὸν
874 601 1103 692 πρεσβύτατον

52 708 244 798 εάκρίτους
276 714 421 794 κτείνας,
454 708 510 796 ἐμὲ
543 708 580 776 δὲ
612 709 667 777 καὶ
694 710 808 798 ἕτερον
841 705 990 795 άδελφὸν
1022 708 1103 797 ἐμὸν
1177 784 1182 787 ,

86 815 250 903 ἐθελήσας
277 814 338 901 μὲν
365 828 501 901 κτεῖναι,
528 817 622 895 τέλος
640 813 677 882 δὲ
696 812 863 901 ἐπιβαλών
891 815 1025 904 φυγήν,
1044 812 1100 903 ἀφ’

86 914 128 1009 ἧς
155 921 211 1009 ’ἐμὲ
238 920 300 1008 μὲν
322 917 472 1009 ἀφῆκεν,
501 923 630 990 ἐκεῖνον
658 920 696 989 δὲ
724 918 827 1011 ὀλίγῳ
854 920 1017 1010 πρότερον
1044 925 1103 1009 τῆς

87 1030 221 1115 σφαγῆς
248 1027 411 1115 ἐρρύσατο
438 1024 475 1096 τὸ
503 1030 753 1116 τοῦ.Καίσαρος
780 1024 898 1115 ὄνομα,
925 1032 961 1095 τί
985 1055 1023 1114 με
1052 1033 1106 1096 δεῖ

84 1138 153 1202 νῦν
182 1131 291 1222 ὥσπερ
320 1136 355 1200 ἐκ
387 1138 573 1224 τραγῳδίας
601 1132 641 1201 τά
669 1131 796 1223 άρριγτα
829 1130 1102 1223 άναμετρεῖσθαι;

42 1270 70 1308 ιο
86 1242 283 1328 μετεμέλησε
301 1237 366 1327 γάρ
385 1236 487 1330 αὐτῶ,
516 1245 610 1326 φασί,
629 1240 685 1308 καὶ
704 1238 830 1327 ἐδήχθη
850 1242 978 1326 δεινῶς,
1002 1237 1160 1309 άπαι-αῖι,

87 1351 167 1414 δίαν
196 1372 230 1412 τε
258 1347 417 1413 ἐντεῦθεν
449 1351 573 1433 νομίζει
606 1350 800 1432 δυστυχεῖν,
831 1345 871 1413 τά
897 1373 932 1414 τε
964 1349 998 1426 ἐς
1024 1345 1105 1427 τοὺς

85 1457 267 1538 πολεμίους
302 1446 382 1532 τοὺς
418 1452 552 1539 Πέρσας
589 1448 651 1520 οὐκ
688 1449 836 1539 εὐτυχῶς
875 1450 1031 1540 πράττειν
1068 1456 1104 1520 ἑκ

86 1558 218 1627 τούτων
250 1552 490 1645 ὑπολαμβάνει.
535 1557 640 1626 ταῦτα
672 1557 843 1647 ἐθρύλουν
875 1563 911 1627 οἱ
934 1560 1009 1647 περὶ
1041 1557 1104 1644 τὴν

88 1661 199 1750 αὐλὴν
225 1662 299 1732 τότε
316 1663 373 1731 καὶ
391 1661 451 1732 τὸν
478 1669 665 1752 μακαρίτην
684 1660 833 1750 άδελφὸν
861 1662 943 1751 ἐμὸν
963 1665 1103 1748 Γάλλον,

45 1798 72 1837 ιε
88 1772 190 1838 τοῦτο
218 1772 284 1836 νῦν
310 1771 444 1857 πρῶτον
472 1766 640 1838 άκούοντα
667 1767 704 1838 τὸ
733 1767 854 1856 ὄνομα·
882 1776 1012 1850 κτείνας
1038 1767 1103 1858 γάρ

87 1872 196 1944 αὐτὸν
222 1873 312 1963 παρά
343 1873 423 1955 τοὺς
449 1874 577 1962 νόμους
609 1871 689 1944 οὐδὲ
716 1878 785 1944 τῶν
815 1875 980 1967 πατρῴων
1007 1903 1103 1962 μετα-

87 1990 202 2067 λαχεῖν
230 1990 320 2049 εἴασε
337 1980 456 2066 τάφων
475 1978 556 2050 οὐδὲ
574 1983 632 2068 τῆς
655 1978 800 2068 εὐαγοῦς
826 1977 947 2068 ἠξίωσε
965 1981 1103 2070 μνήμης.

88 2085 172 2175 ὅπερ
200 2078 264 2156 οὖν
292 2092 389 2173 ἔφην,
418 2092 533 2172 ἔλεγον
558 2090 705 2156 τοσαῦτα
732 2088 788 2156 καὶ
812 2085 854 2174 δὴ
882 2089 938 2156 καὶ
966 2093 1139 2156 ἐπενθονΒ

88 2190 191 2281 ὑμᾶς,
225 2190 275 2260 ὅτι
307 2190 347 2260 τά
379 2192 441 2280 μὲν
473 2189 657 2280 άπατιγθεὶς
688 2193 881 2283 εἰργάσατο,
913 2191 953 2261 τά
981 2192 1019 2262 δὲ
1046 2200 1105 2284 βίᾳ

43 2330 73 2368 το
88 2301 146 2368 καὶ
173 2312 331 2387 ταραχαῖς
348 2300 446 2380 ,εἴξας
464 2295 608 2369 άτάιιτον
632 2301 688 2368 καὶ
705 2298 922 2390 ταραχώδους
949 2301 1104 2387 στρατεύ-

88 2432 200 2492 ματος.
245 2407 392 2473 τοσαῶτα
424 2401 504 2493 ἡμῖν
531 2408 658 2494 ἐπῇδον
690 2408 726 2474 ἐν
745 2402 846 2497 1άγρῶ
877 2431 944 2474 τινι
969 2408 1040 2474 ,τῶν
1068 2407 1105 2474 ἐν

88 2516 314 2601 Καππαδοκίᾳ
333 2513 667 2599 κατακεκλεισμένοις,
686 2508 810 2580 οὐδένα
829 2502 947 2592 ἐῶυτες
965 2521 1104 2601 προσελ-

87 2629 183 2703 θεῖν,
215 2614 275 2685 τὸν
302 2616 363 2704 μὲν
396 2614 461 2687 άπὸ
578 2620 690 2705 φυγῆς
722 2614 1021 2706 ἀνακαλεσάμενοι,
1050 2619 1105 2705 ἐμὲ

162 2843 375 2930 1οῖαοοο.“]α
437 2843 606 2936 λέμου]
577 2868 628 2904 τον
647 2845 715 2918 ἐμόν
733 2854 769 2916 H,
787 2860 820 2903 ut
837 2854 921 2904 273ss
989 2846 1105 2918 θέρρά-

88 2917 178 2986 eave]
210 2911 348 2984 ἐρρύσατο
379 2913 448 2971 ονδε
476 2921 543 2970 Cob.
585 2921 654 2970 Mihi
689 2891 806 2984 ἐξέδυσε
839 2922 965 2972 Iulianus
994 2921 1105 2972 videtur

88 2988 245 3070 scripsisse.
282 2987 326 3038 cf.
345 2989 432 3037 272A
451 2993 479 3038 et
501 2988 601 3038 Zosim.
620 2990 645 3052 2,
664 2991 697 3039 55
716 2987 767 3051 τῆς
786 2982 881 3054 (τὴνῖ)
899 2987 951 3040 τοῦ
969 2988 1106 3054 καίσαρος

89 3049 197 3108 ἐκδάει
214 3053 298 3120 τιμῆς
321 3049 463 3121 (τιμήνῖ),
499 3057 538 3104 Ae
555 3056 687 3106 Petavius
705 3057 801 3106 vertit:
823 3058 933 3120 fratrem
951 3073 1011 3108 vero
1028 3060 1105 3120 paulo

88 3125 228 3187 antequam
251 3125 419 3187 jugularetur
443 3124 563 3174 Caesarie
592 3139 681 3174 nomen
703 3125 805 3178 exemit
891 3127 907 3175 9
930 3121 1104 3194 τραγῳδίας]

88 3193 155 3239 Eur.
174 3189 265 3239 orest.
285 3192 317 3240 14
402 3193 435 3242 10
457 3181 676 3251 άπαιδείοινν,
706 3187 748 3251 εἰς
770 3183 914 3244 άπαιδίαν
937 3192 1004 3242 Rsk.
1074 3193 1106 3240 12

89 3274 160 3317 τους
183 3253 296 3336 Πέρσας
318 3257 466 3308 deleverim
553 3260 585 3308 13
608 3229 753 3324 έθράλονν
776 3258 817 3326 Η]
842 3252 1003 3324 έθράλλουν
1073 3259 1105 3308 19

89 3317 213 3390 υμᾶς]
195 3323 281 3389 ημᾶς,
300 3326 623 3442 (χιιοδΡμῖιινὶαενοιῖίῖ,
637 3276 730 3377 malim
745 3343 805 3376 eum
818 3324 933 3378 Reiskio
986 3316 1051 3376 21
1036 3328 1107 3390 υμῖν

743 3410 759 3444 τ

90 3466 148 3539 pet.
219 3461 252 3510 23
281 3451 338 3510 άπὸ
345 3477 415 3537 τρα
442 3458 538 3539 φυγῆς
561 3458 598 3526 V]
628 3451 687 3512 άπὸ
711 3478 764 3527 τροι
793 3459 888 3528 φυγῆς
911 3467 966 3526 pet.
989 3461 1105 3511 Fuitne

90 3518 151 3577 άπὸ
171 3525 221 3590 τῆς
240 3519 271 3578 έν
293 3518 432 3593 Τράλλεσι
452 3526 570 3592 φνγῆςῖ
