2392 3960
495 162 629 219 οιειτῐο
647 167 708 225 vn,
830 130 834 137 ’
1041 171 1103 235 291

82 311 149 367 θεν
186 292 204 365 ὁ
241 291 502 383 Ἀσκληπιάδης,
539 293 609 362 εἶτα
646 289 663 364 ὁ
701 297 934 387 Σερηνιανός,
972 298 1046 369 εἶτα
1082 297 1101 370 ό
1178 348 1183 358 ·

83 402 241 493 Χύτρων,
269 400 340 470 εἶτα
369 398 431 470 οὐκ
459 398 536 469 οίδα
555 400 736 492 παιδάριον
764 401 861 492 (3,)τι
888 404 1019 485 ξανθὸν
1046 409 1102 476 καὶ

82 507 237 599 εύμηαες,
264 505 335 576 εἶτα
354 507 407 593 σύ,
434 507 490 576 καὶ
508 503 585 595 μεθ’
615 502 712 595 ὑμῶν
739 505 833 578 ἀλλοι
856 511 909 591 δίς
936 515 1100 581 τοσούτοι.

81 623 118 686 τί
143 606 207 686 οὖν
235 617 272 684 ἐκ
296 617 356 702 τῆς
383 609 542 703 ὑμετέρας
568 610 697 683 ἀνόδου
730 616 870 702 γέγονεν
897 612 1045 704 ἀγαθόν,
1074 611 1101 687 ὦ

53 726 220 816 τλῷστοις
248 726 298 802 τίς
316 718 440 811 ᾔσθετο
459 720 554 800 πόλις
580 715 601 808 ῆ
622 726 671 801 τίς
700 721 834 809 ίδιότης
855 725 915 810 τῆς
942 719 1101 815 ὑμετέρας

81 834 285 920 παρρησίας;
318 824 380 896 ούκ
412 823 570 915 ἀφρόνως
601 826 663 914 μὲν
698 825 736 896 τὸ
769 830 802 909 ἐξ
835 825 937 917 ἀρχῆς
968 835 1100 900 εἵλεσθε

80 935 145 1026 τὴν
172 937 226 1005 έπλ
251 933 313 1003 τὸν
346 930 427 1003 οὐδὲ
460 932 547 1002 ίδελν
578 928 664 1022 ὑμᾶς
689 935 836 1003 θέλοντα
867 937 1006 1022 βασιλέα
1038 961 1098 1007 πο-

81 1049 188 1133 ρείαν,
215 1037 417 1121 ἀνελθόντες
445 1039 482 1108 δδ
501 1036 749 1130 ἀφρονέστερον
776 1037 861 1130 αύτῆ
889 1043 945 1108 καὶ
967 1039 1097 1129 ἀμαθέ-

81 1172 202 1238 στερον
229 1149 285 1218 καὶ
312 1147 579 1236 μανιωδέστερον
607 1147 808 1235 ἐχρήσασθε,
836 1147 1097 1230 κολακεύσαντες

42 1279 67 1318 ιο
82 1254 152 1346 ἅμα
180 1256 236 1324 καὶ
263 1249 506 1340 ὑλακτῆσαντες
533 1254 589 1321 καὶ
616 1258 731 1340 βιβλία
764 1253 879 1335 δόντες
905 1255 962 1322 καὶ
987 1258 1150 1323 ταῦταλασ

79 1365 276 1454 πραχθῆναι
293 1358 634 1451 προσλιπαρήσαντες;
663 1355 787 1428 ούδένα
805 1356 902 1448 ὑμῶν
921 1359 1013 1449 οἶμαι
1032 1361 1096 1448 ἐγὼ

79 1468 280 1549 τοσαυτάκις
306 1472 353 1547 είς
381 1466 573 1554 φιλοσόφον
593 1468 760 1555 φριτῆσαι,
790 1461 904 1546 ὁσάκις
931 1472 979 1547 είς
1006 1464 1096 1536 ἀντι-

80 1577 252 1700 γραφέως,
289 1570 374 1641 ὥστε
405 1568 487 1660 ύμῖν
516 1569 713 1660 Ἀκαδῆμεια
750 1573 806 1640 καὶ
838 1572 985 1642 Λύκειον
1021 1571 1095 1643 ἀντὶ

79 1686 139 1771 τῆς
165 1686 327 1802 Ποικίλης
344 1705 378 1747 τε
407 1671 448 1766 ῆν
466 1681 534 1746 τῶν
561 1684 740 1765 βασιλείων
766 1677 807 1747 τά
829 1679 996 1770 πρόθυρα.
1034 1678 1096 1749 ούκ

32 1810 70 1850 ιι
83 1787 221 1869 ἀπάξετε
248 1788 367 1868 ταύτας
396 1782 438 1854 ού
464 1791 679 1873 καταβαλεῖτε
701 1813 769 1854 νυν
795 1788 952 1915 γρῦη,εί
920 1786 1090 1854 είκαλ
1051 1815 1096 1894 μη

32 1895 255 2014 λπρότερον,
283 1890 338 1961 ὅτε
365 1888 445 1980 ὑμῖν
465 1888 567 1961 οὐδέν
594 1893 663 1960 ἐστι
686 1889 834 1961 πλέον’
816 1889 881 1961 απὸ
908 1895 966 1980 τῆς
992 1893 1098 1981 κόμης

32 1984 137 2071 καὶ
169 2003 227 2088 τῆς
258 2005 451 2129 βακτηρίας;
483 2001 554 2078 πῶς
581 1997 618 2067 δὲ
650 2000 705 2066 καὶ
738 2001 878 2085 γέγονεν
908 1994 969 2085 ὑφ’
1000 1995 1096 2086 ὑμῶν

82 2104 372 2197 εὐκαταφρόνητος
411 2101 432 2193 ῆ
473 2110 678 2234 φιλοσοφία·
719 2108 787 2173 τῶν
833 2107 1020 2195 ῥητορικῶν
1061 2109 1135 2174 οίΒ

82 2214 349 2302 δυσμαθέστατοι
384 2213 440 2280 καὶ
478 2208 553 2282 οὐδ’
592 2207 650 2280 ὑπ’
690 2209 796 2280 αὐτοῦ
832 2214 892 2280 τοῦ
933 2212 1095 2299 βασιλέως

51 2317 201 2412 θἘρμοῦ
218 2318 281 2407 τῆν
299 2321 447 2406 γλῶτταν
464 2321 721 2407 ἐκκαθαρθῆναι
741 2318 934 2407 δυνάμενοι,
963 2345 1092 2406 φρενω-

81 2432 186 2516 θῆναι
222 2426 259 2495 δὲ
295 2421 375 2495 οὐδὲ
414 2424 498 2515 πρὸς
533 2421 636 2513 αὐτῆς
671 2429 730 2512 τῆς
763 2423 908 2514 Ἀθηνᾶς
945 2423 1010 2493 σὺν
1046 2429 1092 2518 τῷ

78 2531 199 2625 Ἑρμῆ,
237 2535 336 2601 τοῦτο
373 2536 408 2601 ἐκ
443 2536 501 2621 τῆς
537 2529 701 2621 ἀγοραίου
742 2534 797 2602 καὶ
838 2531 1094 2621 περιτρεχούσης

83 2637 287 2731 ἁρπάσαντες
318 2641 511 2730 ἐντρεχείας·
546 2636 627 2708 ούδὲ
654 2637 719 2729 γάρ
746 2642 784 2708 ἐν
810 2645 973 2730 παροιμίᾳ
1000 2664 1091 2727 περι-

81 2748 267 2837 φερόμενον
303 2743 384 2814 αύτο
420 2744 646 2835 γιγνώσκουσι
682 2744 720 2815 τό
759 2744 810 2817 ότι
851 2745 974 2835 βότρυς
1010 2745 1093 2835 πρὸς

81 2855 207 2943 βότρυν
224 2858 427 2923 πεπαίνεται·
446 2850 595 2945 ὁρμῶσιν
614 2855 668 2922 ἐπὶ
685 2852 747 2923 τὸν
760 2854 951 2943 Κννισμόν·
970 2860 1091 2941 βακτη-

43 2978 47 2987 “
80 2968 147 3051 ρία,
174 2966 307 3052 τρίβων,
325 2961 420 3051 κόμη,
446 2960 485 3032 τὸ
505 2963 665 3030 ἐντεῦθεν
684 2958 825 3051 ἀμαθία,
852 2961 993 3052 θράσος,
1022 2967 1091 3031 ίτα-

165 3226 256 3302 2ό,τι
274 3237 310 3306 Η]
328 3257 355 3292 τι
437 3246 467 3293 11
485 3238 713 3311 πραχθῆναι],,
719 3245 794 3296 Fort.
812 3237 1026 3334 προσαχθῆναι,
1044 3244 1089 3293 im

76 3319 199 3405 μετρίοις·
215 3317 339 3381 exhiberi,
356 3319 434 3381 ίναδλ,
454 3321 490 3370 ad
506 3334 560 3370 eum
578 3320 707 3383 deferri.u
726 3322 811 3413 βελ(
863 3323 895 3373 13
917 3310 1089 3387 Ἀκαδήμεια

77 3391 116 3459 Η]
133 3385 288 3459 Ἀκαδημία
371 3399 402 3448 16
426 3391 486 3449 ἔστι
506 3391 569 3446 add
586 3396 611 3447 V
698 3402 730 3452 17
752 3393 832 3490 ὑμῶν
850 3390 924 3464 V]
907 3412 987 3465 ημαν

63 3468 271 3537 ,φρενωθῆναι
300 3468 333 3538 V]
362 3471 575 3540 φανερωθῆναι
660 3479 693 3528 26
722 3470 847 3545 θράοσς,
878 3471 950 3540 ίταμ

79 3539 193 3612 θράσος
213 3583 304 3600 ......
309 3550 406 3616 mcv,
424 3541 535 3620 θράσος
624 3555 712 3619 spanh
715 3592 819 3624 ......
842 3557 898 3620 μοι,

707 3695 751 3717 Η
822 3634 877 3693 ιε*
