2392 3960
477 113 610 164 ossfflo
629 113 705 164 vm.
1027 109 1090 174 321

82 240 203 332 ἀρετήν
233 242 295 370 τήν
326 239 445 327 ἀλλην,
477 241 533 307 καὶ
565 241 743 326 ῥητορείαν
775 236 880 327 ἀκρον
907 240 962 307 καὶ
995 246 1089 324 φιλο-
1104 255 1128 306 Β

83 357 204 436 σοφίας
232 347 295 418 ούκ
323 346 472 434 ἄπειρον,
499 337 539 433 ῆς
558 342 715 432 Ἕλληνες
741 345 840 433 μόνοι
866 343 907 414 τὰ
934 345 1092 431 κράτιστα

82 455 344 543 μετεληλύθασι,
381 452 468 543 λόγῳ
509 448 672 538 τάληθές,
709 449 818 539 ὥσπερ
855 443 919 520 οὖν
954 453 1093 538 πέφυκε,

80 562 323 649 θηρεύσαντες,
356 556 419 628 ούκ
450 556 603 638 ἀπίστοις
638 557 762 645 μύθοις
799 554 879 627 ούδε
914 557 1093 648 παραδόξῳ

56 675 231 757 ετερατεία
257 669 433 756 προσέχειν
458 661 554 752 ήμάς,
583 661 693 750 ὥσπερ
713 668 749 732 οί
773 665 890 732 πολλοὶ
916 667 985 731 τῶν
1011 670 1092 753 βαρ-

81 774 212 863 βάρων,
245 774 410 852 ἐάσαντες.
455 769 538 839 ἀλλά
569 772 625 838 καὶ
657 774 756 838 τούτο
793 769 854 858 μὲν
891 767 980 850 ὅπως
1016 770 1094 838 ποτέ

82 887 163 968 ἔχει,
195 882 304 947 τανῦν
334 876 497 965 ἀφείσθω.
544 876 581 944 σὲ
613 878 653 944 δέ
660 897 668 911 ·
699 878 905 962 προπέμπειν
936 873 1001 962 ῆδη
1030 874 1095 962 γὰρ

81 984 179 1066 ἀξιον
205 982 275 1073 μετ’
305 983 485 1073 εὐφημίας·
518 980 595 1068 ἀγυι
627 982 689 1070 μὲν
715 980 797 1063 θεὸς
829 979 985 1070 εὐμενής,
1018 979 1095 1050 ὅποι

80 1089 156 1161 ποτ’
186 1088 229 1158 ἀν
257 1093 316 1179 δέη
347 1089 567 1179 πορεύεσθαι,
601 1090 717 1169 Ξένιος
748 1088 786 1157 δὲ
813 1084 1011 1176 ὑποδέχοιτο
1038 1088 1130 1157 καὶθ

44 1222 67 1261 ιο
82 1205 201 1278 Φίλιος
228 1196 359 1282 εύνους,
387 1194 463 1282 ἀχοι
490 1222 525 1263 τε
553 1192 608 1263 διά
632 1199 693 1283 γῆς
720 1193 890 1282 ἀσφαλῶς·
918 1190 983 1264 κάν
1000 1204 1096 1263 πλεῖν

81 1306 155 1392 δέη,
183 1304 422 1389 στορεννύσθω
449 1299 490 1369 τά
508 1301 650 1388 κύματα·
678 1304 759 1370 πᾶσι
783 1300 821 1369 δὲ
839 1307 980 1388 φανείης
999 1307 1096 1388 φίλος

79 1411 138 1478 καὶ
165 1415 282 1496 τίμιος,
310 1405 395 1496 ῆδύς
412 1408 474 1495 μὲν
492 1407 652 1494 προσιών,
680 1404 832 1494 ἀλγεινὸς
851 1407 888 1475 δὲ
906 1404 1096 1476 ἀπολείπων

81 1512 221 1594 αύτούς·
256 1517 403 1603 στέργων
436 1513 473 1582 δέ
499 1509 586 1601 ῆμᾶς
612 1511 730 1600 ῆκιστα
762 1513 945 1602 ποθήσειας
972 1511 1098 1602 ἀνδρὸς

80 1624 219 1707 ἑταίρου
246 1622 301 1688 καὶ
330 1627 432 1707 φίλου
459 1623 579 1688 πιστοῦ
603 1622 800 1703 κοινωνίαν.Ι
831 1617 953 1708 εὐμενῆ
981 1620 1018 1688 δὲ
1041 1621 1097 1688 καὶ

37 1752 66 1793 ιε
80 1724 144 1796 τὸν
177 1724 405 1815 αύτοκράτορά
437 1747 491 1794 σοι
523 1724 604 1806 θεὸς
636 1723 819 1813 ἀποφήνειε
850 1728 906 1793 καὶ
936 1724 977 1797 ,τά
1014 1723 1097 1794 ἀλλα

80 1834 192 1902 πάντα
220 1831 303 1900 κατά
331 1835 417 1902 νοῦν
441 1838 564 1916 διδοιή,
592 1833 647 1897 καὶ
671 1829 733 1918 τῆν
761 1836 875 1900 οίκαδε
901 1828 981 1919 παρ’
1012 1826 1140 1919 ῆμᾶςΙ)

80 1944 223 2025 πορείαν
251 1935 384 2025 ἀσφαλῆ
412 1935 655 2023 παρασκευάζοι
683 1938 738 2004 καί
765 1951 908 2024 ταχεῖαν.

168 2042 279 2111 Ταύτά
311 2063 365 2111 σοι
397 2040 477 2131 μετὰ
508 2044 577 2111 τῶν
614 2045 726 2110 καλῶν
762 2038 924 2128 κάγαθῶν
961 2039 1097 2128 ἀνδρῶν

81 2150 305 2236 συνεύχομαι,
333 2151 388 2217 καὶ
417 2156 465 2219 έτι
492 2146 576 2237 πρὸς
602 2147 734 2228 τούτοις

36 2293 66 2333 20
170 2264 258 2340 Ούλέ
282 2274 390 2340 τεκαὶ
410 2273 494 2360 μένα
512 2288 616 2362 χαῖρε,
643 2274 719 2342 θεολ
743 2274 783 2340 δέ
798 2299 850 2340 τοι
878 2271 974 2360 ὄλβια
993 2277 1097 2359 δοῖεν,

167 2382 340 2466 Νοστῆσαι
368 2377 501 2447 οἶκόνδε
529 2385 633 2466 φίλην
661 2382 698 2459 ές,
720 2384 864 2467 πατρίδα
891 2393 999 2466 γαῖαν.

155 2579 359 2659 1ρητορειαν
358 2578 465 2648 VM]
448 2584 599 2670 ρητορείας
650 2575 947 2664 8θεος11]οθεός.
974 2584 1097 2635 11131)

82 2653 171 2705 206Β
240 2641 413 2703 8ε19οποί
428 2669 481 2702 ποτ
485 2641 585 2729 Μ]
568 2667 642 2703 σπου
660 2667 714 2702 ποτ
793 2655 824 2703 10
842 2669 909 2717 αχοι
928 2643 1099 2727 Pet1aymv

84 2725 118 2771 10
132 2726 160 2770 et
173 2723 203 2769 11
228 2711 284 2771 κάν
304 2721 388 2770 πλεῖν
390 2716 465 2797 δεή
482 2717 521 2786 Η]
545 2708 600 2770 κάν
620 2716 647 2771 εί
668 2723 752 2770 πλεῖν
775 2717 837 2771 δέοι
908 2724 937 2770 11
957 2712 1098 2781 οτρωννύ

84 2789 150 2840 σθω
167 2789 196 2837 Μ
265 2789 297 2837 13
315 2778 478 2868 ποθήσειας
496 2785 534 2852 Η]
554 2785 701 2852 ποθήσαις
754 2791 785 2837 14
804 2779 919 2864 ἓταιρον
937 2785 984 2867 Μ]
998 2779 1098 2868 ἑτέρου

85 2860 118 2907 15
137 2845 308 2933 ἀποφήνειε
317 2852 356 2917 Η]
374 2870 527 2920 αποφηναι
544 2855 569 2903 V
592 2856 705 2920 spanhq
730 2845 882 2921 ἀποφῆναι
899 2854 941 2914 Μ,
965 2846 1098 2920 ἀπέφηνε

84 2927 144 2990 pet.
232 2926 262 2973 17
291 2913 419 2988 ἀσφαλῆ]
446 2921 564 3001 Hujusl
566 2938 615 2973 oco
639 2925 733 2972 estin
757 2929 813 2986 pet.
833 2923 946 2974 lacunae
964 2919 1100 3004 εἰρηνική
1158 2960 1160 2966 .

83 2984 299 3070 παρασκευάζον
316 2988 354 3055 M]
373 2982 588 3056 παρασκευάσαι
673 2993 706 3040 20
725 2991 823 3053 Odyss
843 3008 877 3052 υ,
895 2994 944 3042 401
978 2988 982 3055 Ι
1015 2978 1098 3043 ούλλε

84 3061 159 3110 τε1ί
189 3059 192 3119 Ι
228 3048 352 3122 όλβιαῖ
421 3059 452 3107 21
472 3051 589 3109 οἷκονδε
608 3059 663 3107 VM
