2392 3960
410 127 615 212 ινιειοιιι
633 162 673 212 ιε.
692 163 733 212 ιο.
1014 157 1078 222 563

294 332 355 417 νηί.
397 329 601 421 Ἰαμβλίχρι
625 329 844 420 φιλοσόφῳ.
1093 343 1118 398 Ι)

144 464 186 539 Ὦ
210 476 291 557 Ζεῦ,
323 476 392 552 πῶς
419 479 483 560 ἔχει
507 476 614 552 καλῶς
636 469 722 559 ἡμᾶς
745 461 807 560 μέν
830 474 867 540 έν
890 470 1004 562 Θρηίκη
1027 475 1123 539 δι-ιοο

57 580 157 665 οὲγειν
179 581 261 669 μέση
284 581 339 648 καὶ
362 593 432 659 τοῖς
455 581 603 647 ἐνταῦθα
627 593 734 667 σιροῖς
756 578 972 666 ἐνχειμοίζειν,
995 575 1088 665 παρ”

54 683 248 774 Ἰαμβλίχου
280 688 317 754 δὲ
344 690 406 754 τοῦ
432 689 537 753 καλοῦ
564 683 716 772 καθάπερ
745 683 831 776 ε’ρίου
859 683 951 765 τινὸς
980 691 1078 774 ἔαρος

27 790 142 879 εὴμῖν
173 792 231 873 τὰς
264 791 437 872 ἐπιστολὰς
467 793 541 860 ἀντὶ
571 791 755 887 χελιδόνων
783 793 984 879 πέμπεσθαι,
1020 792 1128 861 καί439

57 899 141 985 μήτε
164 898 244 985 ἡμῖν
267 897 352 967 εἶναι
376 894 610 985 μηδέπω.παρ’
632 895 738 966 αὐτὸν
761 900 874 966 ἐλθεῖν
893 893 967 985 μήτ’
985 895 1074 989 αὐτῷ

56 1001 137 1091 παρ’
173 1002 258 1092 ἡμᾶς
289 1003 382 1092 ἥκειν
414 1007 544 1086 ἐξεῖναι.
588 1010 638 1083 τίς
670 999 714 1072 δν
744 1003 830 1072 ἑκὼν
858 1003 944 1072 εἶναι
971 1007 1076 1072 ταῦτα

58 1112 206 1195 δέξαιτο,
230 1112 289 1179 ἐὰν
311 1110 356 1198 μη
380 1112 469 1201 Θρρίξ
491 1138 541 1190 τις
563 1103 585 1200 ᾖ
607 1112 663 1179 καὶ
690 1112 823 1199 Τηρέως
846 1107 1015 1191 ἀντίξιος;

106 1221 172 1285 Ζεῦ
195 1216 272 1300 ἄνα,
296 1215 378 1317 ᾇίλδι
403 1215 445 1285 σὺ
468 1219 568 1303 ῥῦσαι
592 1214 656 1286 ἀπὸ
681 1216 862 1306 Θρῄκηθεν
881 1213 1047 1304 Ἀχαιούς·

10 1354 42 1391 10
104 1330 258 1410 Ποίησον
282 1322 312 1390 δ’
335 1332 476 1411 αῖθρην,
500 1321 559 1403 δὸς
582 1321 614 1390 δ’
641 1321 873 1412 ὀφθαλμοῖσιν
895 1325 1030 1393 ἰδέσθαι
1124 1322 1136 1343 ‘

57 1430 138 1498 ποτὲ
166 1429 225 1498 τὸν
252 1429 413 1518 ἡμέτερον
430 1428 556 1519 Ἑρμῆν
577 1431 633 1499 καὶ
656 1430 696 1499 τὰ
719 1456 754 1498 τε
777 1427 945 1519 ἀνάκτορα
968 1429 1116 1502 αὐτοῦΒ

56 1551 252 1626 προσειπεῖν
288 1538 343 1604 καὶ
379 1550 449 1616 τοῖς
485 1523 603 1605 έδεσιν
627 1538 791 1624 ἐμφῦναι,
829 1536 980 1624 καθάπερ
1015 1536 1075 1608 τὸν

54 1643 215 1712 Ὀδυσσέα
243 1649 362 1728 φασίν,
396 1641 449 1711 ὅτε
478 1645 513 1711 ἐκ
539 1646 598 1730 τῆς
625 1640 706 1729 ἄλης
733 1641 795 1730 την
815 1639 953 1731 Ἰθάκην
977 1641 1074 1712 εἶδεν.
1121 1652 1126 1657 ’

57 1747 132 1818 ἀλλ’
163 1752 292 1817 ἐκεῖνον
323 1748 385 1836 μὲν
417 1753 452 1817 οί
479 1755 623 1828 Φαίακες
650 1753 697 1816 ἔτι
724 1748 936 1817 καθεύδοντα
963 1747 1074 1838 ὥσπερ

10 1891 41 1931 15
57 1884 89 1925 τι
113 1863 255 1943 φορτίον
278 1857 452 1942 έκθίμενοι
475 1859 533 1943 τῆς
556 1854 638 1934 νεὼς
661 1852 804 1948 ρ’ίχοντο·
828 1853 914 1942 ἡμᾶς
937 1855 975 1923 δὲ
994 1852 1074 1924 οὐδὲ

56 1963 165 2041 ὕπνος
193 1967 294 2050 αίρεῖ,
326 1964 438 2050 μέχρις
465 1957 508 2030 διν
536 1962 587 2047 σέ,
619 1960 656 2031 τὸ
684 1963 767 2051 μέγα
795 1964 853 2049 τῆς
876 1963 1121 2049 οίκουμέηηςιοι

56 2068 190 2155 ὄφελος,
215 2072 300 2161 ἰδεῖν
324 2069 504 2155 ἐγγένηται.
530 2073 638 2136 καίτοι
657 2064 700 2136 σδ
718 2067 780 2156 μὲν
798 2065 860 2155 τὴν
879 2066 966 2159 έρίαν
985 2065 1074 2154 ὅλην
1092 2078 1112 2134 0

57 2177 118 2262 έμέ
146 2202 180 2242 τε
212 2175 267 2241 καὶ
298 2173 359 2242 τὸν
390 2176 523 2262 ἑταῖρον
550 2174 738 2261 Σώπατρον
770 2178 817 2253 είς
846 2171 908 2260 τὴν
935 2161 1074 2264 Θρᾴκην

56 2282 312 2370 μετενηνοχέναι
340 2286 563 2368 προσπαίξας·
601 2277 682 2368 ἡμῖν
706 2284 759 2366 δέ,
792 2285 823 2349 εί
844 2279 906 2368 χρὴ
929 2277 1074 2366 τάληθὲς

10 2424 41 2463 20
57 2394 178 2473 εἰπεῖν,
202 2390 263 2466 ἕως
285 2383 328 2455 διν
348 2385 532 2475 Ἰάμβλιχος
554 2386 598 2475 μὴ
622 2388 727 2476 παρῇ,
751 2391 947 2475 Κιμμερίων
970 2384 1073 2473 ιἰχῖδς

56 2510 215 2563 συνοικεῖ.
260 2496 315 2561 καὶ
343 2493 386 2560 σὺ
413 2493 474 2581 μὲν
497 2497 596 2562 δυοῖν
617 2493 765 2580 θοίτερον
788 2497 904 2592 αἰτεῖς,
937 2487 957 2579 ἢ
981 2489 1073 2580 ἡμᾶς

54 2599 146 2686 παρὰ
166 2601 203 2669 σῖ
221 2598 315 2687 ἥκειν
333 2596 353 2686 ἢ
373 2597 476 2668 αὐτόν
496 2619 533 2667 σε
546 2598 623 2686 παρ’
641 2596 728 2687 ἡμᾶς
743 2598 945 2687 [ἀραμένους
959 2603 1073 2687 έχειυ].

55 2705 138 2794 ἡμῖν
166 2708 203 2775 δὲ
229 2706 267 2775 τὸ
297 2707 358 2792 μὲν
389 2707 504 2790 ἕτερον
536 2703 690 2774 εὐκταῖόν
722 2732 757 2775 τε
789 2703 876 2794 ὁμοῦ
903 2707 959 2774 καί
987 2707 1071 2797 σύμ·
1107 2695 1110 2700 ’

56 2839 182 2899 φορον,
212 2811 334 2892 αὐτοὺς
362 2814 560 2884 ἐπανελθεῖν
587 2808 633 2892 ὡς
653 2811 696 2886 ,σὲ
725 2813 781 2897 καὶ
808 2815 876 2883 τῶν
904 2811 993 2900 παρὰ
1017 2816 1114 2883 σοὶΙ)

10 2953 41 2994 25
55 2924 184 2987 καλῶν·
200 2918 400 2988 ἀπολαῦσαι·
423 2915 476 3009 [τὸ
508 2917 546 2987 δὲ
578 2918 693 3006 ἕτερον
724 2914 823 3005 εὐχῆς
854 2916 915 3004 μὲν
943 2915 1073 3007 ἁπάσης

55 3040 217 3117 κρεῖττον.
264 3027 332 3093 ἐπεὶ
364 3025 401 3093 δέ
432 3022 604 3094 ἀδύνατόν
635 3029 758 3111 σοίγε
790 3023 846 3091 καὶ
874 3020 1071 3144 ιἰξύμφορόν

126 3185 141 3232 3
161 3185 251 3246 σιροῖς
270 3197 304 3231 ox
322 3180 431 3231 Petevii
449 3179 641 3232 emendatione
660 3175 768 3246 spanh]
788 3193 885 3243 σαροις
954 3169 1071 3244 ῖηκειν

55 3247 95 3317 H]
125 3242 217 3313 ηξειν.
256 3250 389 3300 Praestet
410 3263 474 3300 vero
501 3237 583 3312 ηξειν
606 3238 715 3310 ἐξεῖναι
743 3260 804 3297 oum
825 3245 956 3326 Horkelio
979 3247 1071 3298 delere

56 3312 304 3381 9111οδ.ρ,64ῠΙ
331 3307 366 3367 σὺ
385 3331 419 3368 ex
436 3316 553 3366 Homero
571 3315 687 3367 inseruit
705 3313 819 3395 npenh.
872 3316 903 3364 16
923 3307 954 3364 σε’
972 3313 1069 3395 Erch]

12 3390 15 3394 ’
58 3380 100 3444 εἰς
169 3387 200 3434 21
208 3355 278 3466 μέν
302 3399 335 3433 ex
353 3385 391 3435 Po
409 3382 515 3434 eddidit
533 3381 635 3447 Heyler
703 3384 735 3432 22
758 3373 836 3463 ἡμᾶς
853 3373 1011 3446 Heyler]
995 3379 1071 3446 ημᾶς

56 3447 132 3519 μὲνΙ
155 3443 319 3528 αἰρομένους
338 3446 441 3518 ἔχειν
434 3467 461 3501 ιο
480 3456 535 3516 pet.
555 3454 583 3500 et
600 3450 696 3515 spnnh.
714 3451 795 3500 uncis
814 3447 920 3499 inoluen
939 3449 1072 3515 expunxit

54 3521 141 3572 Hroh

803 3597 857 3654 36*
