2392 3960
476 188 610 239 οιιιυιο
630 189 663 238 v.
1012 189 1073 253 211

55 320 198 407 εστίρως
225 322 312 404 ἔχειν
339 312 576 404 ὑπολαμβάνω,
605 321 636 384 εί
651 315 696 403 μή
724 342 772 396 τις
796 312 898 397 αὐτάς
917 319 950 398 ἐς
968 313 1069 385 ταότὸ

55 438 125 505 τοῖς
152 424 334 503 Πλάτωνος
367 420 457 509 άγοι,
490 425 616 510 μάλλον
650 421 686 491 δὲ
714 423 769 490 καὶ
801 426 905 491 ταῦτα
936 439 1009 505 ταῖς
1036 426 1116 503 gun

54 534 150 600 θεῶν
178 531 375 619 δεδομέναις
401 535 626 619 προφητείαις.
669 531 775 598 ἐκεῖνο
804 529 841 597 δὲ
870 539 950 612 ἴσως
978 527 1072 612 άξιου

54 639 241 723 πυθέσθαι,
268 639 338 717 πῶς
361 634 398 705 τὸ
427 632 585 704 κυκλικὸν
609 638 703 723 σῶμα
732 636 873 704 δύναται
900 636 958 718 τὰς
986 634 1071 705 άσω-

28 775 42 817 5
55 745 182 833 μάτους
210 750 297 831 ἔχειν
325 747 431 823 αἰτίας
457 745 526 811 τῶν
545 742 674 810 ἐνόλων
702 745 811 810 είδων.
850 740 900 810 ὅτι
928 743 988 830 μὲν
1008 742 1071 833 γάρ

55 857 134 940 δίχα
165 850 296 918 τούτων
327 845 514 938 ὑποστῆναι
546 847 608 936 την
641 850 772 934 γε’νεσιν
801 845 862 916 οὐκ
895 852 1071 937 ἐνδέχεται,

55 956 228 1048 πρόδηλόν
261 959 332 1024 ἐστί
355 982 422 1025 πον
455 957 511 1025 καὶ
540 957 653 1043 σαφές.
698 958 759 1024 τοῦ
786 954 883 1045 χάριν
911 955 974 1045 γάρ
1004 959 1071 1024 ἐστι

11 1132 15 1137 ,
54 1067 202 1134 τοσαῦτα
235 1061 275 1131 τὰ
307 1063 504 1151 γιγνόμενα;
536 1062 645 1131 πόθεν
678 1063 715 1130 δὲ
748 1059 850 1152 άρρευ
882 1064 938 1131 καὶ
966 1065 1071 1149 θῆλυς

55 1171 165 1239 πόθεν
198 1169 235 1238 δὲ
267 1165 287 1257 ἡ
320 1168 403 1238 κατά
436 1172 533 1256 γένος
564 1173 632 1237 τῶν
665 1167 773 1238 όντων
806 1171 843 1237 ἐν
870 1165 1123 1258 ὦρισμίνοιςιςκ

18 1309 43 1347 ιο
56 1283 161 1346 εἴδεσι
190 1276 352 1365 διαφορά,
381 1283 411 1345 εί
437 1276 481 1365 μή
508 1304 595 1357 τινες
623 1274 691 1344 εἶεν
718 1274 989 1366 προϋπάρχοντες
1016 1279 1072 1344 καί

55 1387 260 1473 προεστῶτες
291 1385 385 1470 λόγοι
417 1389 520 1451 αἰτίαι
552 1410 586 1452 τε
618 1386 655 1451 ἐν
687 1388 951 1472 παραδείγματος
982 1383 1071 1475 λόγῳ

55 1493 332 1580 προῦφεστῶσαι;
375 1488 458 1578 πρὸς
495 1487 534 1571 ἃς
575 1500 665 1579 εἴπερ
708 1487 982 1578 άμβλυώττομεν,
1024 1496 1073 1559 ἐτι

55 1597 301 1686 καθαιρόμεδα
334 1594 373 1664 τά
407 1594 536 1726 όμματα
572 1600 630 1724 της
666 1600 783 1730 ψυχῆς.
833 1596 997 1686 κάθαρσις
1034 1597 1072 1664 δὲ

57 1701 146 1792 ὀρθὴ
181 1706 371 1839 στραφῆναι
399 1702 482 1792 πρὸς
514 1702 636 1772 ἑαυτὸν
667 1705 722 1771 καὶ
751 1725 969 1791 καταυοησαι,
1002 1707 1072 1793 πῶς

20 1806 165 1898 ιιμὶν
147 1837 167 1896 η
197 1807 286 1897 ψυχὴ
314 1811 416 1878 καὶο
399 1806 563 1892 όένυλος
590 1812 673 1891 νοῦς
701 1808 809 1897 ὥσπερ
838 1809 1013 1897 ἐκμαγεῖόν
1040 1837 1071 1877 τι

56 1920 126 1985 τῶν
159 1916 288 1984 ἐνάλων
316 1919 417 1984 εἰδῶν
449 1945 506 1985 και
535 1915 633 1985 είκων
661 1919 759 1984 ἐστιν.
806 1920 843 1983 ἐν
872 1915 934 2004 γὰρ
969 1914 1070 1985 οὐδέν

56 2025 126 2092 ἑστι
154 2026 222 2090 τῶν
251 2023 413 2109 σωμάτων
440 2019 548 2111 ἢτῶν
565 2023 640 2111 περὶ
663 2020 856 2108 τὰσώματα
886 2025 1071 2108 γινομένων

55 2156 91 2198 τε
124 2131 180 2197 καί
207 2131 453 2217 θεωρουμένων
481 2126 682 2217 ἀσωμάτων,
716 2120 757 2196 οὗ
788 2125 850 2215 τὴν
878 2134 1069 2215 φαντασίαν
1088 2147 1112 2199 Β

56 2232 74 2305 ό
103 2238 187 2316 νοῦς
215 2233 257 2304 οὐ
284 2237 425 2304 δύναται
452 2243 568 2323 λαβεῖν
596 2233 787 2324 άσωμάτως,
816 2231 896 2323 ὅπερ
925 2233 966 2303 οὕ
993 2232 1068 2302 ποτ’

15 2374 41 2413 ιο
55 2338 100 2412 άν
129 2345 300 2429 ἐποίησεν,
333 2348 364 2411 εί
389 2343 433 2430 μη
460 2370 492 2411 τι
520 2341 677 2430 ξυγγενὲς
704 2339 791 2429 εἶχεν
819 2337 933 2421 αὐτοῖς
961 2341 1070 2427 φύσει.

53 2449 162 2517 ταῦτά
193 2476 245 2517 τοι
272 2450 328 2517 καί
353 2446 576 2537 Ἀριστοτέλης
606 2447 669 2536 τὴν
696 2446 808 2537 ψυχὴν
840 2447 943 2516 τόπον
971 2449 1071 2516 είδῶν

55 2560 135 2643 ἔφη,
162 2553 249 2642 πλὴν
277 2551 339 2623 οὐκ
368 2557 526 2646 ἐνεργείᾳ,
556 2553 638 2624 άλλά
658 2555 807 2643 δυνάμει.
843 2552 905 2642 τὴν
929 2554 989 2643 μὲν
1008 2546 1072 2623 οὖν

54 2661 217 2749 τοιαύτην
258 2660 369 2749 ψυχὴν
409 2664 465 2731 καί
504 2661 566 2751 την
603 2665 873 2751 ἐπεστραμμένην
909 2659 993 2750 πρὸς
1033 2659 1070 2729 τὸ

55 2771 153 2855 σῶμα
195 2768 336 2855 δυνάμει
375 2772 479 2838 ταῦτα
516 2775 603 2858 ἔχειν
643 2766 841 2855 άναγκαῖον·
883 2773 915 2836 εί
950 2770 989 2836 δέ
1022 2795 1072 2848 τις

13 2906 44 2946 ιο
60 2872 197 2962 άσχετος
228 2884 279 2963 είη
311 2876 367 2943 καὶ
399 2872 519 2964 άμιγίχς
546 2876 664 2965 ταύτη,
696 2874 775 2955 τοὺς
806 2874 928 2961 λόγους
961 2871 1072 2942 οὐκέτι

57 2982 219 3069 δυνάμει,
260 2981 387 3061 πάντας
423 2981 460 3050 δὲ
496 2978 656 3072 ὑπάρχειν
697 2983 845 3072 ἐνεργείᾳ
886 2978 1112 3068 νομιστέονθ

57 3087 214 3176 λάβωμεν
237 3088 274 3156 δὲ
293 3085 377 3156 αὐτά
397 3091 603 3179 σαφέστερον
632 3086 688 3157 διὰ
706 3092 767 3157 τοῦ
793 3092 1070 3177 παραδείγματος,

58 3187 87 3288 ᾦ
123 3196 179 3263 καὶ
215 3195 358 3264 Πλάτων
395 3197 432 3262 ἐν
467 3198 514 3288 τῷ
551 3198 707 3284 Σοφιστῇ
742 3193 825 3284 πρὸς
861 3196 974 3283 ἕτερον
1011 3194 1071 3281 μὲν

129 3440 157 3488 11
181 3431 664 3565 προεστῶτεςχπροῦφεστῶτεςΗ.
695 3434 891 3489 ο1.οι11651)
962 3437 993 3484 12
1016 3425 1071 3514 άμ-

57 3498 240 3584 βλυόττομεν
258 3498 334 3585 HL
317 3522 357 3586 αμ
377 3498 518 3571 λάττομευ
599 3496 663 3555 16ἐ
664 3518 725 3555 στιν
743 3494 815 3568 Η]ἐ
817 3517 860 3554 στι
893 3509 896 3565 Ι
928 3494 1052 3569 W]
1040 3518 1072 3555 εν

58 3571 144 3627 τοῦτο
223 3575 255 3625 18
272 3563 357 3639 ου]“
338 3590 356 3624 α
374 3586 459 3638 marg
477 3579 531 3640 pet.
600 3574 634 3625 28
652 3569 798 3637 Σοφιστῇ]
818 3587 844 3637 p.
864 3572 914 3622 233
932 3585 968 3624 οε.

840 3652 894 3709 14Ιῖ
