2392 3960
130 123 191 186 114
429 124 574 205 Ιοιτεατ
596 123 844 174 IMPERATORIS

128 247 265 336 άγεννὲς
294 250 555 341 ἐπ(εισ)αγαγει”ν
583 251 720 338 σπέρμα.
763 256 857 337 δίκης
880 250 917 318 δέ
945 248 1035 342 αύτῶ
1055 253 1146 339 μέλει

127 360 183 425 καὶ
219 359 370 443 θέμιδος,
411 359 467 424 καλ
505 353 581 425 ούτε
622 371 732 440 γονεῖς
768 354 846 424 ούτε
882 359 1051 443 ξυγγενεῖς
1089 359 1145 426 καὶ

55 509 57 513 ,
128 471 222 551 φίλοι
249 470 407 531 πείθουσι
439 468 731 551 καταχαρίσασθαί
756 483 838 550 σφιν
870 464 926 531 καὶ
954 467 1144 552 προδοῦναι

74 591 108 640 89
128 568 165 638 τὸ
204 575 346 638 ἔνδικον.
402 565 629 657 ὑπολαμβάνει
666 567 730 657 γάρ
768 564 924 638 ἁπάντων
957 569 1043 638 εἶναι
1081 568 1143 658 τὴν

126 681 269 764 πατρίδα
297 673 416 764 κοινην
444 678 556 744 ἑστίαν
584 677 640 744 καλ
667 677 801 764 μητέρα,
829 679 1059 765 πρεσβυτέραν
1082 677 1169 765 μένε

127 785 182 851 καὶ
211 784 413 871 σεμνοτέραν
440 786 508 850 τῶν
536 783 662 869 [φίλων
690 783 761 869 καὶ]
790 784 952 870 πατέρων,
981 786 1143 870 φιλτέραν

127 888 163 957 δέ
197 887 354 976 άδελφῶν
386 890 441 957 καλ
473 889 579 969 ξένων
610 888 666 957 καλ
700 895 822 975 φίλων·
860 880 898 976 ἧς
930 886 1142 978 άποσυλῆσαι

125 993 186 1064 τδν
214 996 321 1083 νόμον
348 998 403 1064 καὶ
432 995 618 1082 βιάσασθαι
640 1002 751 1083 μεῖζον
779 992 930 1082 ἀσέβημα
957 1001 1064 1085 κρίνει
1082 999 1141 1084 τῆς

125 1104 199 1190 περὶ
231 1100 271 1170 τά
304 1102 453 1191 χρήματα
485 1104 553 1169 τῶν
590 1105 682 1170 θεῶν
713 1095 931 1189 παρανομίας.
973 1109 1043 1170 ἐστι
1075 1101 1142 1192 γάρ

126 1204 143 1275 ὁ
173 1207 274 1296 νόμος
293 1214 432 1295 ἔγγονος
449 1210 508 1296 τῆς
527 1212 631 1295 δίκης,
661 1206 753 1297 ἱερὸν
781 1205 941 1295 άνάθημα
968 1210 1025 1277 καὶ
1042 1219 1181 1277 θεῖονω

125 1311 261 1402 άληθῶς
293 1318 353 1383 τού
386 1312 677 1402 μεγίστουζθεοῦ,
710 1311 751 1382 δν
785 1312 941 1402 οὐδαμῶς
969 1312 988 1383 δ’
1020 1342 1057 1400 γε
1085 1321 1141 1404 έμ-

82 1495 84 1501 ⁴
125 1449 222 1508 φρων
259 1417 344 1511 άνὴρ
377 1422 451 1509 περὶ
484 1412 627 1509 σμικροῦ
659 1421 831 1509 ποιήσεται
863 1417 943 1490 οὐδὲ
976 1417 1140 1508 άτιμάσει·

83 1524 208 1597 Βάλλά
241 1530 278 1595 ἐν
310 1532 387 1615 δίκη
423 1527 533 1596 πάντα
571 1530 663 1617 δρῶν
699 1526 778 1608 τοὺς
810 1527 872 1615 μὲν
909 1524 1062 1614 ιἰγαθούς
1093 1556 1140 1597 τι-

123 1633 220 1722 μήσει
260 1634 458 1723 προθύμως,
500 1631 578 1714 τοὺς
618 1633 813 1722 μοχθηροὺς
849 1634 886 1702 δὲ
923 1636 955 1714 ἐς
993 1634 1141 1722 δύναμιν

124 1744 242 1808 ίάσθαι
274 1741 426 1829 καθάπερ
460 1738 572 1829 ἰατρὸς
600 1737 730 1826 άγαθδς
761 1740 1023 1829 προθυμήσεται.
1070 1745 1139 1808 διτ-
1154 1767 1179 1809 15

123 1849 191 1914 τῶν
219 1846 257 1914 δὲ
285 1844 394 1915 άντων
421 1849 489 1914 τῶν
517 1842 770 1936 ἁμαρτημάτων,
798 1849 853 1915 καὶ
873 1850 940 1914 τῶν
968 1847 1028 1934 μὲν
1057 1843 1140 1916 ύπο-

124 1953 321 2040 φαινόντωνΙ
350 1956 486 2034 ἐλπίδας
513 1949 671 2040 άμείνους
703 1956 759 2023 καλ
787 1951 829 2022 ού
856 1954 962 2040 πάντη
991 1950 1053 2040 τὴν
1080 1965 1139 2022 θε-

123 2066 264 2148 ραπείαν
292 2056 586 2150 άπεστραμμένων,
614 2063 683 2128 τῶν
706 2060 743 2128 δὲ
762 2057 881 2129 άνίατα
908 2059 1139 2148 πλημμελούν-

121 2188 202 2234 των·
230 2167 363 2248 τούτοις
391 2166 428 2235 δδ
447 2171 482 2235 οί
507 2166 606 2254 νόμοι
633 2167 786 2235 θάνατον
813 2165 911 2234 λύσιν
939 2169 1007 2233 τῶν
1025 2169 1139 2235 κακῶν

122 2273 317 2360 ἐπενόησαν,
348 2269 409 2342 ούκ
438 2278 485 2354 είς
511 2271 573 2361 τὴν
601 2275 739 2342 ἐκείνων
766 2276 909 2360 μάλλον,
937 2278 984 2353 είς
1011 2271 1048 2340 δὲ
1076 2271 1179 2361 τὴνεο

83 2376 234 2448 θάλλων
267 2376 444 2467 ὠφέλειαν·
477 2377 590 2459 διττάς
622 2376 654 2447 δ’
685 2375 813 2466 άνάγκη
845 2377 904 2459 τάς
934 2384 1061 2468 κρίσεις
1088 2385 1138 2465 γί-

122 2498 271 2570 γνεσθαι.
319 2484 446 2554 ούκούν
473 2489 542 2553 τῶν
573 2484 634 2572 μὲν
667 2491 811 2572 ίασίμων
839 2481 928 2576 αὑτῶ
956 2486 1138 2575 προσήκειν

120 2587 326 2679 ὑπολήψεται
362 2592 423 2679 την
460 2619 494 2660 τε
532 2593 711 2677 ἐπίγνωσιν
748 2593 803 2660 καὶ
839 2589 900 2680 τὴν
941 2597 1137 2679 θεραπείαν,

120 2695 274 2784 άφέξεται
307 2697 344 2766 δδ
376 2700 445 2766 τῶν
477 2695 588 2766 άλλων
620 2699 706 2786 μάλα
744 2700 952 2788 ἐρρωμένως,
984 2699 1040 2765 καὶ
1074 2696 1137 2767 ούκ

120 2801 163 2871 άν
199 2831 278 2873 ποτε
315 2803 402 2873 ἐπῶν
439 2801 559 2886 ἅψαιτο
597 2811 750 2893 κρίσεως,
789 2802 842 2892 ἐφ’
876 2796 899 2894 ᾗ
930 2803 1079 2885 θάνατος
1114 2799 1179 2894 ηπ

121 2917 216 2998 ζημία
252 2908 341 3001 παρά
373 2915 441 2979 τῶν
477 2911 591 2998 νόμων
623 2927 693 2991 τοῖς
730 2909 901 2999 ῶφληκόσι
937 2908 999 2998 τὴν
1037 2916 1137 3000 δίκην

205 3099 218 3144 1
243 3088 449 3162 ἐπεισαγαγεῖν
473 3093 517 3163 H]
543 3090 700 3163 ἐπαγαγεῖν
769 3099 784 3145 2
809 3091 839 3147 οἷ
861 3094 1048 3162 ξογγενεῖςν
1119 3099 1135 3148 3

117 3178 189 3226 σφιν
208 3161 241 3227 V]
264 3178 316 3227 σφι
384 3156 625 3230 4δπολαμβάνει
643 3162 710 3230 VM]
734 3158 933 3230 προλαμβάνει
1002 3167 1017 3215 6
1042 3162 1135 3228 φίλων

117 3228 169 3280 καλ
193 3228 310 3281 delenda
334 3239 398 3282 sunt
468 3224 644 3296 λάδελφῶν
667 3231 736 3298 VM]
764 3231 819 3283 τῶν
843 3228 891 3283 άδ.
962 3234 994 3282 10
1018 3227 1135 3297 ἐγγονος

117 3296 154 3373 V]
176 3294 292 3364 ἔκγονος
362 3302 393 3378 λβ
411 3295 675 3378 προθυμηθησεται
694 3300 718 3349 V
789 3303 820 3378 λθ
843 3294 925 3378 λνύσιν
944 3303 1036 3378 οτῌ
1101 3303 1160 3350 20-

116 3383 171 3417 ουκ
196 3363 238 3426 εἰς
257 3364 327 3432 VM]
352 3384 404 3418 ουκ
424 3361 453 3426 ἐς
531 3370 562 3417 21
582 3367 676 3419 αλλων
700 3368 724 3416 V
764 3384 820 3418 των
844 3369 905 3417 αλλ.
938 3365 944 3433 Ι
981 3366 999 3418 δ
1030 3365 1065 3432 V]
1089 3361 1133 3418 δέ.

118 3434 333 3513 θοτίθευδιυηυε
362 3431 423 3500 δὴλ
455 3433 646 3514 Ιῃγίγνεσθαι
666 3434 723 3487 VM
759 3434 895 3501 γίνεσθαι
965 3439 998 3487 23
1021 3451 1052 3486 τε
1070 3435 1133 3486 add.

118 3503 175 3552 VM
227 3505 260 3553 25
279 3511 388 3567 αψαιτο
407 3501 441 3569 V]
460 3512 569 3569 αυεται
