2392 3960
469 155 605 208 οιιινιο
624 155 686 210 v11.
1012 160 1074 225 χρη

57 279 230 369 τοιαύτης,
269 285 304 349 οῖ
337 279 398 350 τὸν
434 281 610 353 Διόνυσον
647 281 738 366 ὅστις
773 282 847 354 ποτ’
882 288 951 355 ἐστὶ
983 291 1076 358 θεῶν

58 389 234 476 ζητοῦντες
261 384 404 476 τάληθὲς
423 395 500 476 ἔχον
519 385 563 471 ἀς
590 395 678 478 ἔφην
705 397 751 472 εἰς
770 394 885 480 μύθον
904 394 1074 464 διεσκεύα-

58 515 135 582 σαν,
164 494 386 582 αἰνιττόμενοι
413 494 475 583 την
502 522 536 564 τε
569 492 691 566 ούσίαν
722 501 784 567 τού
811 501 898 568 θεοῦ
929 502 986 570 καὶ
1012 499 1075 588 τὴν

57 604 96 670 ἐν
132 615 203 682 τοῖς
239 615 375 688 νοητοῖς
410 600 499 690 παρά
540 605 586 694 τῷ
623 605 723 693 πατρὶ
759 605 880 693 κύησιν
922 609 978 676 καὶ
1014 605 1075 676 τὸν

28 705 246 795 ςάγέννητον
278 703 384 776 αύτού
421 708 521 777 τόκον
553 711 590 777 ἐν
621 713 667 802 τῷ
699 709 813 802 κόσμῳ
842 765 1009 782 .......
1037 716 1075 781 ἐν

55 818 104 906 τῷ
123 819 233 901 παντί,
261 814 316 883 καὶ
334 805 437 882 τάλλα
455 815 573 902 ε’φεξης
592 813 655 884 ὅσα
681 819 743 885 τού
762 825 870 904 ζητεῖν
888 809 930 905 ἦν
1140 904 1145 909 ¹

56 919 161 1008 τυχὸν
193 919 255 1008 μὲν
286 922 342 989 καὶ
374 919 431 989 διὰ
464 920 501 990 τὸ
535 917 672 1008 ἀγνοεῖν
704 928 751 991 ἔτι
782 925 858 1012 περὶ
890 920 1004 993 αύτῶν
1035 923 1120 996 τὸΙ)
1177 980 1181 985 .

56 1025 208 1122 ἀκριβές,
239 1025 342 1114 τυχὸν
379 1027 415 1096 δὲ
452 1029 508 1096 καὶ
545 1025 608 1097 ούκ
644 1030 795 1098 ἐθέλοντι
831 1028 891 1098 τὸν
927 1031 1074 1119 κρύφιον
1135 1089 1145 1105 .,

57 1131 126 1222 άμα
153 1134 209 1202 καὶ
237 1131 387 1221 φανερὸν
405 1131 490 1202 θεὸν
518 1131 629 1224 ὥσπερ
658 1137 695 1204 ἐν
712 1136 844 1228 θεάτρῳ
869 1137 1073 1226 προβάλλειν
1165 1134 1169 1143 ’

16 1281 42 1319 10
57 1237 176 1321 ἀκοαῖς
204 1236 430 1321 ἀνεξετάστοις
457 1241 513 1309 καὶ
541 1246 707 1323 διανοίαις
735 1243 788 1311 ε’πὶ
811 1242 920 1312 πάντα
947 1247 1075 1332 μάλλον

57 1343 77 1434 ἢ
106 1344 143 1414 τὸ
173 1355 375 1433 φιλοσοφεῖν
402 1349 646 1436 τετραμμέναις.

136 1449 221 1520 Ἀλλ’
255 1448 339 1540 ὑπὲρ
376 1453 438 1540 μὲν
473 1453 603 1539 τούτων
640 1464 720 1524 ῖστω
753 1456 926 1536 Διόνυσος
962 1453 1073 1543 αύτύς,

57 1551 86 1652 ᾧ
118 1559 174 1629 καλ
206 1558 432 1649 προσεύχομαι
463 1560 521 1642 τάς
553 1588 587 1630 τε
620 1560 700 1649 ἐμάς
731 1564 788 1631 καὶ
819 1559 877 1642 τάς
914 1557 1075 1650 ὑμετέρας

57 1668 277 1752 ἐκβακχεύσαι
305 1667 431 1754 φρένας
458 1669 513 1736 ἐπὶ
539 1665 601 1755 τὴν
628 1665 739 1756 ἀληθῆ
771 1671 839 1737 τῶν
866 1671 959 1736 θεῶν
986 1671 1074 1754 γναῖ-
1159 1707 1162 1713 ·

19 1807 44 1850 15
58 1793 129 1859 σιν,
163 1767 208 1852 ἀς
239 1767 282 1840 ἀν
313 1769 358 1860 μὴ
390 1770 498 1841 πολύν
531 1771 730 1862 ἀβάκχευτον
766 1774 890 1864 χρόνον
925 1777 971 1868 τῷ
1003 1777 1074 1867 θεῷ

56 1882 215 1967 μένοντες
251 1875 358 1947 ὁπόσα
395 1875 412 1947 ὁ
445 1879 602 1961 Πενθεύς
638 1885 743 1950 ἔπαθε
774 1881 952 1968 πάθωμεν,
990 1891 1128 1961 ῖσαςτεε

56 1985 119 2075 μὲν
147 1984 203 2053 καὶ
232 1988 357 2071 ζῶντες,
385 1985 517 2067 πάντως
545 1985 582 2055 δὲ
606 1984 848 2072 ἀπαλλαγέντες
874 1989 935 2054 τού
963 1985 1073 2074 σάμα-
1161 2000 1164 2005 ’

56 2120 120 2173 τος.
168 2087 231 2182 ὅτῳ
264 2089 329 2180 γάρ
356 2090 400 2180 μη
432 2090 470 2160 τὸ
498 2090 780 2180 πεπληθοσμένον
810 2094 869 2179 της
898 2094 979 2179 ζωῆς
1006 2087 1067 2161 ύπὲ

56 2202 115 2286 τῆς
148 2199 318 2278 ἑνοειὸούς
350 2200 405 2267 καὶ
437 2201 475 2267 ἐν
506 2201 552 2291 τῷ
584 2202 726 2292 μεριστῷ
763 2200 933 2279 παντελῶς
965 2195 1073 2281 ἀδιαι-

21 2338 43 2380 ερ
57 2308 157 2395 ρέτον
186 2300 265 2391 ὅλης
292 2305 331 2373 τε
354 2307 391 2373 ἐν
409 2307 511 2374 πᾶσιν
539 2302 680 2394 ἀμιγοῦς
706 2304 987 2396 προϋπαρχούσης
1015 2301 1073 2372 ού-

56 2418 133 2493 σίας
169 2413 231 2478 τού
266 2411 442 2480 Διονύσον
478 2418 770 2503 τελεσιονργηθείη
808 2410 865 2480 διά
900 2413 958 2498 της
999 2411 1074 2498 περὶ

54 2518 117 2588 τὸν
145 2514 235 2586 θεὸν
249 2519 371 2587 ἐνθέου
400 2525 565 2606 βακχείας,
592 2518 700 2611 τούτῳ
720 2523 879 2597 κίνδυνος
898 2518 951 2586 ἐπὶ
969 2513 1075 2586 πολλά

56 2628 183 2715 ῥυῆναι
209 2622 271 2712 τὴν
304 2625 404 2712 ζωήν,
438 2628 577 2713 ρυεῖσαν
609 2623 647 2694 δὲ
680 2624 881 2695 διεσπάσθαι
912 2624 969 2692 καὶ
1002 2628 1074 2691 θια-

55 2784 203 2871 ’ἐξετάση
268 2782 369 2842 1ποτ’
390 2783 450 2843 ἐστὶ
467 2790 503 2872 V]
527 2807 596 2844 ποτε
615 2809 652 2858 ην
737 2767 928 2858 4κύησινν]
947 2788 1075 2842 κύονσαν

56 2860 167 2939 spanh„
185 2874 296 2924 ηννσαν
308 2864 363 2925 pet
420 2854 563 2928 ῦκύσμῳ.
573 2897 665 2912 ......
648 2858 679 2928 ·]
698 2859 851 2910 Ithaec
870 2859 928 2909 fere
946 2859 1076 2908 videntur

55 2944 118 2980 esse
131 2941 243 3007 κοσμω
232 2965 341 2979 .......
363 2944 496 3008 κατ...γ
519 2911 669 2992 άτ....ξιν
733 2914 1075 3006 διάλλανμεῖλτάλλα

56 2996 156 3075 spanh.
190 2982 243 3060 λ
226 3012 303 3061 ην..
314 2990 465 3067 ..ῥάὸιον
502 2995 555 3062 μοι’
572 3015 603 3059 v,
627 2998 699 3049 inV
721 2995 829 3046 videtur
852 3009 912 3044 esse
931 2980 968 3060 ἦν
987 2984 1071 3056 o’c5..

56 3056 229 3144 φράζειν..·
229 3080 384 3146 .εχρα...
395 3056 496 3128 ,ἐμοί
533 3063 679 3144 Scripserit
700 3049 864 3114 Iulianus'
844 3079 881 3128 ην
899 3053 982 3126 ἀξια,
982 3051 1074 3178 φράὲ

56 3135 120 3197 ζειν
148 3125 238 3182 δέ’
208 3148 224 3196 γ
265 3124 299 3181 ού
346 3101 419 3205 άύια
445 3123 511 3197 ἐμοί
594 3135 610 3184 8
636 3122 768 3198 ἀκριβ...
795 3136 851 3196 pet.
888 3128 892 3195 Ι
922 3121 1011 3196 τνχὸν
1040 3121 1074 3178 δὲ

56 3200 123 3252 add.
141 3199 167 3248 V
236 3201 371 3278 9προ..
381 3204 464 3264 ..pet
535 3194 603 3251 10
585 3203 690 3260 ακοαι
709 3199 767 3254 add.
785 3199 811 3250 V
872 3201 902 3248 11
922 3211 1052 3262 τετρα...

56 3273 117 3348 pet.
204 3269 235 3317 13
261 3261 313 3327 τάς
336 3261 478 3334 νμετὲρας
495 3263 531 3333 V]
553 3217 693 3335 ύμετὲρας
780 3269 812 3317 17
838 3257 952 3322 πάντως
976 3258 1010 3315 δὲ
1033 3230 1073 3327 H]

55 3330 175 3392 πάντας
202 3329 236 3384 δὲ
263 3333 314 3387 καλ
400 3338 431 3387 18
458 3336 526 3387 Post
551 3333 607 3402 γάρ
635 3335 788 3385 addendum
804 3334 912 3384 videtur
934 3325 970 3385 άν
992 3337 1019 3381 et
1042 3331 1074 3378 21

56 3402 301 3484 τελεοιουργηθῇ
306 3405 484 3456 scribendum
549 3407 583 3455 20
605 3401 693 3454 πᾶσιν
710 3399 747 3470 V]
766 3400 838 3454 πᾶσι
871 3399 874 3466 λ
908 3396 1007 3457 ούοίας
1014 3411 1075 3476 pro

58 3464 152 3537 ούσης
171 3471 328 3587 emetndavit
345 3473 495 3535 Petamus,
519 3471 627 3537 recepit
644 3470 755 3536 ερειιῖι.
779 3471 825 3523 sed
849 3475 911 3536 post
929 3458 1076 3518 Διονύσον

56 3552 219 3603 ιιοοεροεοι
