2392 3960
22 39 131 99 ψ
193 43 210 51 ..

478 181 612 234 οολνῐο
630 184 668 237 11.
1036 168 1077 246 '83

55 311 172 381 πολλοὶ
202 308 240 379 δέ
268 305 334 377 άπὸ
362 311 430 377 τῶν
457 312 575 396 τειχῶν
603 315 744 396 ἔβαλλον
772 323 841 390 τοῖς
870 306 1077 390 λίθοις·“καλ

57 415 172 486 αὐτῶν
205 415 267 503 μὲν
299 409 404 496 πολὺς
436 416 565 502 ἐγένετο
594 416 716 503 φόνος,
751 418 843 505 φυγῇ
873 416 910 487 δὲ
938 422 1075 505 ἔτρεπον

57 521 137 604 τοὺς
170 528 294 603 ἵππους
326 521 526 610 ξέμπαντες,
559 526 605 614 τῶ
633 522 742 610 μόνον
774 525 905 591 ἐθέλειν
932 523 988 592 καὶ
1016 526 1075 610 δη-

58 633 141 699 λοῦν
169 628 232 718 τὴν
251 629 389 716 γνῶμην
417 627 474 698 διά
497 632 558 697 τοῦ
587 629 761 717 σχήματος.
807 628 1076 718 ἐπιστρεφόντων

37 735 121 825 ιγὰρ
163 743 302 806 ἔπιπτον
343 732 472 815 εὐθέως
511 737 567 804 καὶ
604 737 790 824 κατέφερον
825 734 905 816 τοὺς
947 737 1076 816 ἱππέας·

60 849 173 933 βαρεῖς
210 843 248 912 δέ
286 840 380 922 ὅντες
411 856 482 922 τοῖς
519 839 633 922 ὅπλοις
669 845 797 928 μάλλον
829 845 997 929 ένείχοντο
1031 844 1076 933 τῶ

60 951 199 1036 τέλματι.
245 950 302 1019 καὶ
339 945 452 1017 αὐτῶν
489 951 639 1016 ἐνταῦθα
676 954 804 1035 γίνεται
842 948 963 1035 φόνος,
998 945 1116 1029 ὅσοςΒ

62 1053 152 1124 οόπω
180 1056 334 1145 πρόσθεν
366 1058 403 1124 έν
430 1062 606 1146 πολιορκίᾳ
638 1054 783 1143 τοσαύτῃ
811 1058 959 1141 γέγονεν.
1006 1056 1076 1123 ἐπεὶ

22 1202 25 1217 =
62 1160 95 1229 δέ
125 1160 167 1230 τά
200 1166 269 1231 τῶν
301 1165 429 1232 ίππέων
462 1152 527 1230 ῶδε
561 1162 751 1252 ἐπεπράχει,
783 1164 852 1230 τῶν
884 1161 1076 1249 ἐλεφάντων

30 1292 52 1333 ο
60 1271 252 1358 πειρῶνται,
280 1268 547 1356 καταπλήξεσθαι
579 1271 705 1356 μᾶλλον
739 1268 889 1356 οἰόμενοι
916 1271 962 1359 τῶ
992 1270 1075 1360 ξένφ

61 1376 113 1462 τῆς
139 1375 259 1464 μάχης·
287 1372 330 1444 οὐ
357 1373 421 1464 γάρ
450 1373 492 1463 δὴ
520 1378 683 1443 τοσοῦτον
711 1370 826 1455 αὐτοῖς
852 1373 893 1443 τά
920 1377 988 1443 τῶν
1015 1372 1075 1462 όμ-

61 1479 170 1566 μάτων
203 1484 407 1573 διέφθαρτο,
440 1476 485 1563 ῶς
521 1480 567 1569 μὴ
599 1484 754 1570 καθορᾶν
792 1481 980 1572 βαρύτερον
1012 1481 1074 1568 μέν

56 1581 97 1654 όν
134 1591 240 1658 ἵππον
272 1588 310 1658 τὸ
348 1594 489 1677 θηρίον,
523 1589 630 1677 φέρον
662 1587 699 1656 δέ
731 1584 836 1675 άχθος
870 1585 932 1676 οὐχ
965 1592 1075 1656 ἵππων

22 1740 25 1765 ;
61 1697 155 1763 δνοίν
183 1690 205 1782 ἢ
232 1695 408 1781 πλειόνων,
437 1691 573 1782 ἁμαξῶν
592 1693 630 1762 δέ
649 1692 741 1782 οἶμαι
765 1698 911 1782 συχνῶν,
938 1695 1075 1776 τοξότας

22 1802 110 1869 ἕνκαὶ
139 1797 337 1883 ἀκοντιστάς
364 1803 419 1870 καλ
448 1803 613 1890 σιδηροῦν
644 1801 785 1890 πύργον.
831 1804 935 1869 ταῦτα
964 1801 1001 1870 δέ
1030 1792 1111 1889 ἧνῦ

58 1901 186 1976 ἅπαντα
212 1907 296 1996 πρὸς
322 1906 360 1977 τό
388 1914 513 1997 χωρίον
545 1913 778 1996 χειροποίητον
805 1905 945 1993 γεγονὸς
971 1910 1073 1995 τέλμα

56 2013 249 2101 κωλύματας
280 2016 337 2084 καὶ
369 2005 412 2103 ἦν
445 2009 560 2094 αὐτοῖς
593 2019 678 2104 έργφ
712 2013 855 2101 φανερά·
896 2010 978 2081 ὅθεν
1011 2011 1074 2082 οὐκ

55 2118 144 2201 είκὸς
171 2126 220 2202 είς
239 2121 348 2210 μάχην
368 2122 464 2207 ἰέναι,
493 2117 576 2188 άλλδι
594 2122 629 2200 ές
655 2119 858 2207 κατάπληξιν
885 2122 953 2187 τῶν
972 2124 1073 2188 ἔνδον

53 2228 374 2316 παρασκευάζεσθαι.
410 2230 584 2316 προσῆγον
612 2225 649 2295 δὲ
673 2228 709 2294 έν
736 2225 826 2306 τάξει
854 2227 976 2314 μέτρον
1004 2230 1070 2295 διεε

22 2336 176 2413 νστῶτες
204 2319 362 2422 άλλήλων
385 2344 476 2421 ἴσον,
503 2335 560 2402 καλ
588 2333 681 2425 ἐφ’κει
708 2337 806 2420 τείχει
833 2334 901 2400 τῶν
929 2341 1071 2420 Παρθυ-

52 2445 140 2507 αίων
159 2435 179 2527 ἡ
199 2441 341 2528 φάλαγξ·
368 2439 409 2509 τά
428 2440 489 2528 μὲν
513 2445 618 2529 θηρία
645 2438 726 2519 τοδς
743 2439 894 2528 πύργους
913 2440 1071 2527 φέροντα,

52 2548 122 2613 τῶν
152 2542 298 2616 ὁπλιτῶν
317 2547 355 2616 δέ
374 2543 661 2635 άναπληροόντων
679 2544 719 2613 τά
739 2548 777 2614 έν
795 2549 893 2637 μέσφ.
930 2546 1071 2632 ταχθέν-

52 2678 105 2733 τες
138 2652 177 2721 δδ
209 2651 315 2734 οὕτως
347 2650 388 2722 οό
423 2655 507 2741 μέγα
541 2651 661 2739 όφελος
697 2642 785 2739 ἦσαν
816 2654 862 2742 τῷ
896 2651 1070 2742 βαρβάρῳ·

38 2773 216 2849 παρεῖχον
242 2758 306 2851 γάρ
334 2756 464 2848 ἡδονὴν
481 2761 537 2827 καλ
564 2760 682 2847 τέρψιν
701 2773 771 2840 τοῖς
799 2761 834 2827 ἐκ
852 2760 914 2827 τοῦ
942 2764 1113 2845 τείχονςΙ)

22 2867 247 2952 αθειομένοις.
293 2862 338 2948 ῶς
366 2865 404 2935 δὲ
426 2867 581 2953 ἐγένοντο
601 2870 768 2954 διακορεῖς
796 2865 900 2933 οέονελ
920 2866 1071 2954 λαμπράς

119 3090 137 3139 8
155 3083 294 3156 τοσαύτη]
314 3089 394 3152 „Non
411 3088 504 3154 placet
522 3082 656 3154 τοοαότῃ.
685 3103 750 3138 num
768 3082 902 3206 τοιαότχ,
923 3098 959 3136 an
977 3089 1070 3151 potius

51 3154 188 3216 τοσοῦτος
206 3157 353 3222 legendum
371 3161 399 3208 et
418 3156 607 3208 collocandum
624 3156 697 3233 intqr
715 3149 807 3220 φόνος
821 3162 849 3207 et
884 3153 977 3234 uoq?“
1001 3155 1068 3205 Rek.

52 3226 69 3275 9
90 3215 250 3290 ἐπεπράχει
272 3223 315 3291 Μ]
339 3218 495 3291 ἐπεπράχει
517 3225 555 3286 V,
578 3216 720 3291 έξεπραγη
743 3240 761 3272 v
840 3226 871 3275 11
896 3222 933 3289 δη
960 3222 1023 3275 add.
1045 3225 1070 3273 V

55 3281 415 3360 11ο113μδνοόνόνλλ
496 3294 528 3342 17
551 3278 587 3358 ἦν
605 3291 642 3358 Η]
662 3284 694 3342 έν
763 3292 795 3341 18
819 3287 915 3356 είςλ]
938 3307 968 3349 ες
1037 3292 1070 3339 20

55 3352 116 3413 ἶσον
133 3360 160 3410 V
229 3361 261 3412 21
279 3353 315 3412 τά
333 3355 388 3426 μὲν
405 3359 501 3426 θηρία
518 3357 593 3426 κτλ]
624 3360 715 3409 Locus
739 3364 893 3424 corruptus.
930 3357 1002 3419 Quid
1022 3371 1069 3406 au·

55 3432 107 3477 tom
123 3428 250 3480 scribere
272 3428 393 3495 potuerit
414 3429 551 3490 Iulianus,
576 3427 726 3478 ostendunt
749 3425 805 3477 loci
828 3427 932 3478 similes
955 3424 1069 3473 Diodor.

57 3496 96 3577 Ιχ,
113 3496 157 3561 87,
176 3498 200 3558 5,
217 3497 333 3563 Appian.
353 3495 413 3559 Syr.
432 3498 475 3559 32,
496 3495 629 3559 Polyaen.
647 3498 672 3558 4,
691 3497 716 3558 3,
735 3496 768 3545 22
837 3498 869 3546 23
893 3489 927 3546 δὲ
947 3508 996 3546 om.
1015 3491 1043 3539 M
1060 3488 1069 3555 ¹1

56 3577 144 3623 ουτως
160 3561 230 3630 VM]
247 3557 342 3629 οότωΙ
363 3559 398 3615 οό
416 3580 467 3619 om.
485 3564 510 3614 V

815 3646 853 3700 6*
