2392 3960
10 40 170 93 ἐντ’-’ψ

472 155 609 207 οεευιο
627 155 665 207 ιι.
1034 154 1076 220 99

55 310 140 364 νους
168 281 280 352 καὶτὸ
309 283 563 372 ἐπιταττόμενον
580 297 690 361 ποιεῖν
717 283 903 365 ἐθέλοντας.
948 285 1074 373 ταύτην

55 387 123 477 ἐγὼ
152 386 216 478 τήν
243 395 342 477 νίκην
369 396 473 479 κρίνω
502 393 560 477 τής
586 392 786 479 Λακωνικῆς
812 393 928 483 μακρῷ
957 412 1074 480 σεμνο-

54 497 171 587 τέραν·
199 491 220 585 ή
248 497 310 584 μέν
336 524 374 581 γε
403 487 446 584 ήν
473 492 622 586 άδακρυς
649 496 756 585 μόνον
783 511 853 579 τοῖς
880 501 1073 586 κρατοῦσιν,

55 599 77 691 ἡ
116 602 154 671 δὲ
190 598 272 672 οὐδὲ
311 618 381 684 τοῖς
421 613 638 693 κρατηθεῖσιν
674 600 792 692 ήνεγκε
831 603 971 693 δάκρυα,
999 600 1113 673 άλλὈ

28 706 123 779 τάπὸ
151 712 213 778 τού
239 708 385 797 βήματος
413 712 580 799 κατῆλθεν
608 705 626 778 ό
653 712 712 797 τής
739 717 909 798 βασιλείας
935 706 1073 801 ὑποκρι-

55 814 115 904 τής
143 816 364 903 δικασάμενος
381 819 437 885 καὶ
466 813 575 905 ὥσπερ
599 813 734 904 ὄφλημα
762 823 894 903 βασιλεῖ
918 821 1074 910 πατρῷον

57 919 208 1003 άποδούς
234 919 296 1010 τήν
323 917 520 1011 ἁλουργίδα·
548 913 651 991 τάλλα
679 921 716 990 δὲ
744 919 835 1014 αύτῷ
864 926 984 993 δίδωσι
1011 930 1071 1011 βα-

57 1027 169 1110 σιλεὺς
197 1026 336 1116 άφθονα
363 1032 490 1117 μάλλον
517 1025 538 1116 ή
566 1027 685 1117 Κύρόν
713 1048 797 1117 φασι
824 1043 1008 1120 παρασχεῖν
1026 1031 1072 1123 τῷ

54 1134 196 1227 πάππῳ,
238 1138 296 1223 ζήν
331 1163 366 1204 τε
403 1137 536 1223 ἐποίησε
576 1137 634 1206 καὶ
675 1139 884 1222 διαιτᾶσθαι,
920 1135 1073 1225 καθάπερ

15 1238 196 1331 ιοὍμηρος
224 1238 314 1323 άξιοῖ
337 1244 406 1312 τῶν
434 1239 571 1331 άνδρύν
598 1240 677 1324 τούς
704 1238 996 1332 άφηλικεστέρονς,

141 1365 291 1456 Τοιούτφ
319 1363 383 1456 γάρ
411 1372 530 1453 ἔοικεν,
558 1368 628 1435 ἐπεὶ
655 1366 814 1436 λούσαιτο
843 1365 947 1453 φάγοι
973 1393 1019 1454 τε,

138 1467 328 1560 Εύδέμεναι
354 1476 521 1561 μαλακῶς
549 1469 569 1561 ή
598 1471 662 1563 γάρ
691 1477 767 1561 δίκη
795 1473 865 1541 ἐστὶ
892 1473 1071 1563 γερόντων
1089 1487 1114 1542 D

55 1594 94 1664 τὸ
127 1595 189 1684 μὲν
221 1588 285 1665 οὖν
314 1594 395 1684 ἐμὸν
431 1592 590 1724 ήδόως’“
570 1625 613 1665 αν
649 1595 729 1678 τοὺς
757 1599 922 1686 ῥηθέντας
949 1598 1072 1684 λόγους

57 1704 247 1831 διεξῆλθον,
273 1705 329 1771 καί
358 1700 421 1772 ούκ
440 1700 483 1771 άν
509 1731 549 1791 με
573 1701 673 1784 όκνος
698 1698 880 1790 καταλάβοι
907 1700 995 1772 ούτω
1013 1731 1072 1773 κα-

16 1834 44 1876 15
57 1811 128 1878 λῶν
156 1805 344 1897 ἁπτόμενον
371 1809 495 1896 λόγων
524 1808 628 1890 αἰδὼς
646 1809 684 1878 δὲ
712 1807 804 1897 οἶμαι
831 1816 996 1899 κατείργει
1015 1811 1072 1879 καί

57 1911 121 1985 ούκ
149 1917 312 2005 ἐπιτρέπει
340 1918 551 2004 μετατιθέναι
578 1918 634 1984 καὶ
667 1915 896 2005 ἐξερμηνεύειν
924 1919 958 1997 ἐς
985 1911 1071 2004 ύμᾶς

55 2020 136 2103 τοὺς
163 2023 293 2108 λόγους.
330 2020 485 2111 ἀδικοίην
502 2021 566 2112 γάρ
595 2018 639 2091 άν
666 2027 879 2112 διαφθείρων
897 2024 953 2091 καὶ
982 2025 1071 2108 ἐλεγ-

54 2130 197 2218 χόμενος
224 2135 462 2218 αίσχυνοίμην,
494 2138 528 2198 εί
550 2156 601 2210 τις
628 2126 692 2218 άρα
724 2126 761 2196 τὸ
795 2129 958 2215 βασιλέως
990 2124 1071 2196 άνα-

55 2234 161 2321 γνούς
188 2235 384 2325 ξύγγραμμα
401 2231 432 2323 ή
459 2235 532 2305 τότε
552 2232 699 2316 άκούσας
718 2232 989 2322 άπομνημονεύοι
1015 2236 1073 2303 καί

16 2367 42 2408 εο
56 2338 213 2428 άπαιτοίη
247 2340 290 2410 ού
321 2341 362 2410 τά
393 2340 543 2430 νοήματα
579 2341 702 2430 μόνον,
735 2337 830 2422 ὅσαις
866 2340 903 2409 δὲ
939 2337 1071 2429 άρεταίς
1091 2360 1125 2414 78

56 2450 169 2518 ἐκεῖνα
187 2463 356 2536 κοσμεῖται
375 2446 458 2517 κατά
475 2446 537 2538 τήν
554 2448 697 2538 πάτριον
716 2444 836 2535 φωνήν
864 2449 1071 2535 ξυγκείμενα.

55 2558 157 2624 τοῦτο
185 2554 222 2623 δὲ
250 2552 313 2624 ούκ
340 2546 383 2643 ήν
398 2551 529 2646 Ὁμήρφ
556 2554 594 2624 τὸ
623 2554 698 2636 δέος
724 2561 862 2635 πολλαῖς
888 2553 949 2641 μὲν
976 2550 1071 2622 ύστε-

56 2688 120 2751 ρον
152 2676 281 2748 γενεαῖς
313 2660 393 2742 τοὺς
424 2661 546 2747 λόγους
578 2663 806 2751 διηγουμένῳ,
834 2661 1001 2729 λιπόντων
1034 2659 1072 2728 δὲ

56 2770 195 2836 ἐκείνων
223 2764 325 2837 οὐδὲν
343 2764 525 2857 ὑπόμνημα
542 2771 611 2836 τῶν
638 2770 672 2848 ἐς
694 2765 774 2848 τοὺς
801 2767 985 2855 ξυλλόγοος
1013 2769 1071 2854 ῥη-

19 2876 202 2960 mmm,
229 2876 286 2942 καί
314 2877 431 2962 σαφῶς
455 2872 547 2962 οἶμαι
565 2874 766 2960 πιστεύοντι,
794 2871 845 2942 ότι
873 2871 938 2962 άρα
965 2869 1072 2941 τάκεί-

127 3065 218 3126 2μαιι
221 3061 273 3143 ρςό]
293 3061 389 3114 πολλῶ
407 3064 432 3113 V
483 3059 569 3141 3μὲν
588 3059 633 3130 γε]
654 3063 717 3116 fort
735 3056 862 3143 μὲνρ
807 3080 871 3129 γαρ.
896 3061 960 3117 vid.
979 3067 1073 3112 tamen

57 3131 93 3180 σᾶ
113 3130 221 3193 10οΑΙ
236 3129 360 3212 μονον]
359 3131 452 3180 Malim
469 3126 569 3209 μόνοιρΙ
638 3133 654 3180 4
672 3122 764 3209 ἡδὲ]
777 3121 889 3181 ὁδὲλί
957 3127 1072 3180 soma-

57 3192 178 3265 σόμενος
195 3199 238 3258 Vl
261 3194 406 3264 πατρώιον
423 3188 625 3258 άποδιδούςν
672 3148 819 3250 ηῖτάλλα
837 3194 870 3263 V]
888 3188 978 3248 τάλλα
1039 3198 1070 3246 11

56 3266 158 3346 Οθγεε.
178 3284 210 3346 ω,
229 3270 293 3332 253,
317 3267 388 3316 unde
405 3266 494 3316 locum
511 3266 583 3331 apud
600 3266 737 3317 lulianum
756 3267 877 3316 correxit
894 3266 954 3318 Pet
968 3262 987 3342 1
1014 3279 1073 3315 τοι·

55 3327 192 3468 ρόῦρ]
162 3324 290 3400 ούτων,
281 3325 398 3452 ,τούιτῖω
414 3334 478 3453 Μδ
473 3349 558 3385 τουτο
575 3332 622 3451 vv}
639 3331 771 3483 ΙλουσριιΜ
767 3349 798 3384 τε
817 3335 914 3467 VM]
900 3333 905 3400 Ι
933 3323 1022 3447 φάγοι
1040 3346 1072 3382 τε

174 3393 192 3452 ά
252 3419 282 3454 τε
409 3418 440 3454 ευ
501 3417 565 3453 εναι
793 3417 846 3453 ean

54 3466 189 3537 VMJecs
148 3418 176 3521 φῖ
194 3418 229 3468 γη
257 3472 291 3521 25
308 3462 455 3522 πιστεύειν
464 3395 500 3522 έτμι
517 3459 623 3537 ῩΙότι
641 3419 746 3535 άρηα],,
748 3470 832 3520 Deest
848 3390 1071 3534 τοκήάμεινονξᾶ

54 3537 118 3590 Pet.
135 3487 267 3588 Ma⁶lim⁶
250 3554 295 3590 οτι
315 3531 371 3604 ἄρα
389 3532 530 3591 κάκείνων
549 3537 601 3602 (εἰσ
620 3543 694 3588 cant.
712 3541 738 3588 et
755 3526 835 3604 θ’)
815 3551 936 3636 αμεινον
