2392 3960
509 173 646 226 ORATIO
664 176 685 227 Ι.
1068 174 1105 237 11

88 300 205 391 φύσει,
233 302 335 390 νόμος
363 300 401 370 δὲ
429 304 545 371 ἐδίδου
578 319 697 391 γαμεῖν
730 299 881 392 ἀδελφὴν
908 307 954 396 τῶ
982 305 1105 392 Πέρσῃ.

87 406 149 496 τὴν
182 406 248 495 σην
284 408 321 476 δὲ
353 410 476 497 μητέρα
513 406 596 477 κατά
632 408 711 490 τούς
747 408 825 500 παρ’
860 407 942 500 ἡμῖν
978 410 1106 497 νόμους

86 511 277 605 ἀχράντους
303 516 359 583 καὶ
391 514 545 605 καθαράς
571 514 630 597 τάς
658 517 862 604 οἰκειότητας
889 516 1011 597 ταύτας
1039 545 1105 604 φυ-

86 621 277 689 λάττουσαν
425 625 486 690 τοῦ
519 622 580 710 μὲν
613 620 701 692 εἶναι
737 629 856 710 παῖδα,
889 621 1035 711 γαμετὴν
1068 622 1105 690 δὲ

60 729 214 816 εέτέρου,
243 729 299 797 καὶ
327 725 480 816 ἀδελφὴν
508 727 627 815 ἀλλον,
655 731 711 798 καὶ
739 733 873 799 πολλῶν
901 727 1105 818 αὐτοκρατό-

87 861 169 921 ρων,
199 830 273 921 οὐχὶ
302 834 339 903 δέ
367 833 441 916 ἑνὸς
468 837 600 924 μητέρα.
647 827 696 903 ῶν
724 832 741 904 δ
770 838 832 923 μέν
859 863 908 916 τις
934 840 980 927 τῶ
1008 836 1107 923 πατρὶ
1125 857 1151 911 Ι)

86 940 393 1029 συγκατειργάσατο
421 939 482 1009 τὸν
509 940 594 1031 πρὸς
621 939 701 1022 τοὺς
733 941 924 1029 τυράννους
951 941 1107 1028 πόλεμον,

87 1041 105 1115 ὁ
136 1045 174 1114 δέ
201 1044 263 1134 τὴν
282 1045 365 1136 πρὸς
392 1046 472 1128 τοὺς
492 1051 594 1129 Γέτας
620 1044 701 1135 ἡμῖν
729 1048 867 1137 εἰρήνην
894 1062 965 1128 τοίς
993 1044 1109 1129 ὅπλοις

85 1151 255 1239 κρατήσας
282 1150 415 1241 ἀσφαλῆ
443 1153 700 1245 παρεσκεύασεν,
729 1151 746 1223 ὁ
772 1154 809 1223 δὲ
838 1154 996 1244 ἐτήρησεν
1025 1151 1107 1241 ἀβα-

47 1284 147 1327 ιοτον
175 1273 246 1339 τοῖς
277 1266 447 1348 πολεμίοις
478 1259 540 1348 τὴν
568 1259 697 1349 χῶραν,
730 1258 833 1341 αὐτὸς
861 1259 1107 1349 ἐπιστρατεόων

87 1367 230 1446 ἐκείνοις
256 1366 427 1451 πολλάκις,
457 1368 519 1447 ἕως
546 1369 726 1455 ἐπέτρεπον
754 1370 790 1435 ολ
815 1365 935 1455 μικρὸν
963 1363 1107 1453 ὕστερον

85 1473 155 1539 τῶν
183 1476 230 1551 είς
258 1474 387 1540 ἐκεῖνον
415 1469 630 1560 ἀδικημάτων
650 1479 748 1560 δίκην
775 1469 986 1560 ὑποσχόντες.
1027 1481 1107 1541 πολ-

85 1579 157 1645 λῶν
185 1576 223 1645 δὲ
251 1572 472 1666 ὑπαρχόντων
500 1581 640 1659 ἐκείνοις
672 1582 869 1668 περιφανῶν
897 1585 1020 1667 ἔργων,
1049 1574 1104 1665 ἐφ’

87 1676 139 1763 οἷς
167 1679 211 1750 ἀν
238 1709 287 1764 τις
314 1680 437 1763 αὐτοὺς
456 1689 592 1764 δικαίως
620 1687 768 1753 ἐπαινεῖν
793 1690 872 1772 ἐχοι,
901 1686 956 1753 καὶ
984 1686 1051 1752 τῶν
1071 1686 1107 1753 ἐκ

46 1815 73 1857 ιε
86 1791 145 1876 τῆς
173 1788 274 1876 τύχης
306 1786 448 1875 ἀγαθῶν
480 1796 685 1880 περιουσίας·
720 1787 823 1858 οὐδέν
855 1793 924 1858 ἐστι
950 1792 1107 1859 τοιοῦτον
1127 1809 1161 1858 10

85 1897 157 1963 τῶν
176 1892 297 1982 ἀλλων,
326 1893 375 1982 ἐφ’
406 1887 433 1987 ςδ
456 1903 644 1985 μακαρίζων
668 1894 739 1985 (ἀν)
764 1925 813 1977 τις
832 1893 955 1976 αὐτοὺς
974 1895 1109 1977 εἰκότως
1177 1968 1179 1973 ,

86 2001 261 2088 σεμνόνοι,
290 1997 335 2083 ῶς
358 1999 409 2070 ότι
436 2005 504 2070 τῶν
527 2002 588 2090 μὲν
616 2000 788 2089 ἀπόγονοι,
816 2006 884 2072 τῶν
908 2002 946 2070 δέ
974 2009 1108 2087 ἔγγονοι

87 2106 309 2196 (γεγόνασιν).
347 2105 413 2176 ἀλλ’
444 2112 501 2176 ἵνα
528 2107 572 2196 μη
601 2109 786 2197 μακρότερα
814 2110 888 2196 περὶ
916 2105 1029 2175 αὐτῶν
1056 2110 1107 2176 λέ-

87 2241 160 2299 γων
187 2211 246 2283 τὸν
275 2211 495 2301 ὀφειλόμενον
523 2229 594 2295 τοῖς
622 2217 770 2294 ἐπαίνοις
796 2229 866 2294 τοῖς
889 2228 961 2295 σοῖς
988 2211 1109 2301 καιρὸν

45 2346 75 2387 κο
89 2316 251 2388 ἀναλῶσω
288 2323 349 2389 τοῦ
387 2320 505 2408 λόγου,
547 2320 744 2410 πειράσομαι
786 2319 904 2388 λοιπὸν
942 2315 987 2399 ῶς
1027 2316 1108 2407 ἡμῖν

88 2422 199 2513 ἀξιον,
232 2430 359 2515 μάλλον
387 2429 439 2513 δέ,
472 2433 503 2495 εί
530 2432 584 2496 δελ
613 2427 719 2514 μηδὲν
751 2422 1033 2514 ὑποστειλάμενον
1062 2431 1107 2493 εί-

87 2548 180 2619 πεΐν,
222 2536 336 2625 μακρῷ
377 2536 446 2601 τῶν
483 2533 662 2623 προγόνων
704 2535 854 2614 ἐπιδείξω
897 2532 1108 2620 σεμνότερον.

90 2634 203 2726 φήμας
230 2639 291 2727 μὲν
324 2638 365 2727 δὴ
394 2640 450 2707 καὶ
479 2647 634 2726 μαντείας
665 2642 719 2708 καὶ
754 2638 846 2721 όφεις
877 2638 935 2720 τὰς
968 2641 1005 2707 ἐν
1036 2652 1148 2718 τοίςΒ

88 2741 223 2832 ὕπνοις,
260 2747 316 2814 καὶ
349 2743 412 2814 ὅσα
449 2743 532 2814 ἀλλα
567 2756 710 2835 θρυλεῖν
748 2746 911 2814 είῶθασιν
950 2746 1003 2813 ἐπὶ
1040 2746 1109 2812 τῶν

48 2876 74 2917 ω
89 2847 178 2920 οὕτω
207 2850 341 2941 λαμπρά
374 2853 430 2920 καὶ
462 2856 631 2941 περιφανῆ
660 2853 872 2943 πραξάντων,
905 2850 1023 2939 Κόρου
1051 2851 1109 2918 καὶ

159 3006 245 3054 3et4
264 3001 415 3071 συνέβαινε
433 3009 496 3070 post
515 2997 719 3070 φυλάττουσαν
739 3005 800 3055 εδδ.
812 3004 889 3066 Κεὶς,
909 3020 959 3068 ego
978 3003 1108 3053 lacunam

88 3069 248 3135 significavi
299 3076 315 3124 9
333 3067 450 3137 ἀσφαλῆ
468 3067 686 3137 παρεσκεόασεν
699 3071 733 3138 V]
754 3063 970 3139 παρεσκεύασεν
989 3064 1107 3134 ἀσφαλ“

90 3140 124 3188 10
141 3139 290 3203 πολεμίοις
308 3137 377 3206 VM]
398 3138 548 3206 πολεμίοις
567 3132 690 3199 ἐκείνοις
761 3143 792 3191 14
811 3132 919 3198 αότοδς
936 3137 1056 3215 δμοίως
1074 3087 1107 3202 νδ

90 3203 212 3265 δικαίως
235 3199 344 3267 αὐτούς
371 3211 375 3269 Ι
403 3203 462 3273 ἔχοι
482 3205 517 3273 V]
543 3204 602 3274 ἔχει
672 3210 704 3258 1ό
727 3203 907 3275 περιουσίας]
933 3199 1020 3273 οάσης
1045 3205 1109 3256 add.

89 3274 200 3340 wytt.1
216 3273 348 3327 τοιοῦτον
366 3274 401 3341 V]
420 3274 536 3327 τοιοῦτο
602 3277 632 3325 16
651 3263 696 3338 ἀν,
717 3277 789 3340 quod
808 3275 919 3328 Schaef.
938 3281 1000 3340 post
1017 3260 1039 3324 ῶ
1061 3272 1109 3322 οδ·

90 3340 169 3403 didit,
190 3357 241 3406 ego
255 3348 317 3408 post
351 3342 494 3406 ακαρίζων
531 3345 592 3394 osui
646 3347 676 3394 17
696 3334 836 3409 ἀπόγονοι
849 3338 924 3408 Pet.]
945 3334 1106 3406 ἀπόγονοςΙ

91 3400 204 3472 ἔκγονοι
223 3410 299 3473 Pet„
318 3360 435 3478 ἐάγονος
454 3412 486 3476 V,
507 3359 624 3477 ἐκγονος
641 3411 670 3461 Μ
689 3416 717 3461 et
735 3427 752 3459 v
823 3413 854 3461 18
873 3402 1026 3487 γεγόνασιν
1045 3407 1108 3458 εδδ.

91 3476 179 3539 Wytt.
248 3478 281 3528 20
298 3472 336 3539 ῶς
353 3471 436 3546 ἡμῖν]
458 3492 489 3529 σε
507 3473 611 3542 ὑμνεῖν
625 3480 714 3544 Wytt.
749 3478 809 3544 Ego
827 3478 921 3527 malim
939 3490 969 3527 σε
987 3477 1060 3541 ημῖν
1079 3480 1108 3525 et

91 3542 188 3596 δοὶοδε
207 3537 350 3611 ἐπιδεῖξαι
419 3550 451 3598 22
471 3538 652 3610 ἐπιδείξειν
715 3548 749 3596 24
767 3546 888 3611 θρυλεῖν
908 3539 946 3608 Η]
967 3543 1107 3608 θρυλλεῖν
