2392 3960
480 158 632 210 v01sz
650 160 713 211 v11.
1040 162 1104 228 233

83 309 155 352 των
183 284 253 351 ἐστὶ
279 283 320 352 τά
346 311 384 370 γε
410 287 477 353 νύν
505 284 640 374 ῥητέον,
673 281 745 354 ἀλλ’
776 282 861 377 ὑπὲρ
894 293 1009 378 δυοῖν,
1041 294 1104 360 τού

83 417 120 459 τε
148 392 276 477 σεμνοῦ
307 388 391 459 κατά
417 389 479 479 τῆν
507 391 663 460 διάνοιαν
694 394 751 461 καὶ
777 397 840 462 τοῦ
873 392 1137 484 άπεμφαίνον-(ῖ

83 523 151 577 τος.
196 494 237 564 τά
265 497 303 566 δὲ
330 494 416 566 αύτά
442 499 546 566 ταῦτα
573 499 629 566 καί
657 500 731 588 περὶ
759 497 823 587 τῆν
850 502 939 582 λέξιν
965 508 1102 589 γίνεται.

84 605 277 692 μορφοῦται
304 603 368 693 γάρ
400 628 470 685 πως
497 605 552 673 καὶ
586 609 812 693 σχηματίζεται
843 606 935 694 παρὰ
954 613 1029 679 ,τῶν
1056 607 1101 698 μῆ

53 710 349 799 τπροφερομένων
377 712 449 799 εἰκῆ
467 707 547 799 μηδ’
578 707 689 800 ὥσπερ
707 711 907 802 χειμάρρους
935 714 1102 786 ἑλκόντων

85 813 276 905 συρφετοδς
303 815 460 905 ῥημάτων
478 819 515 885 ἐκ
532 818 591 904 τῆς
616 816 769 904 τριόδου·
797 815 880 887 ἀλλὰ
897 832 973 888 τοῖν
1001 826 1101 890 δυοῖν

81 921 230 1008 τούτοιν,
258 918 340 991 ὅταν
367 922 428 1011 μὲν
446 919 529 1013 ὑπὲρ
547 925 616 991 τῶν
638 927 745 991 θείων
772 923 976 1013 πλάττωμεν,
996 926 1101 1014 σεμνά

83 1026 146 1118 χρῆ
183 1027 274 1097 πάνυ
306 1026 347 1097 τά
384 1028 513 1120 ῥῆματα
546 1027 632 1098 εἶναι
664 1029 721 1098 καὶ
752 1027 815 1118 τῆν
846 1032 935 1112 λέξιν
973 1028 1017 1114 ὡς
1049 1039 1100 1103 ἔνι
1169 1074 1174 1084 ·

82 1134 225 1222 μάλιστα
254 1135 416 1225 σαόφρονα
448 1137 504 1204 καὶ
531 1135 637 1224 καλῆν
664 1136 720 1205 καὶ
746 1150 817 1218 τοῖς
843 1148 938 1219 θεοῖς
969 1165 1099 1226 πρεπω-
1146 1194 1149 1199 ,

41 1273 70 1313 ιο
84 1239 263 1328 δεστάτην,
291 1244 359 1310 τῶν
387 1245 534 1332 αἰσχρῶν
561 1241 599 1311 δὲ
625 1241 732 1330 μηδὲν
759 1245 815 1311 καί
843 1245 1052 1334 βλασφήμου
1079 1242 1143 1335 ῆΙ)

83 1350 272 1434 δυσσεβῶν,
301 1345 391 1428 ὅπως
409 1346 453 1436 μῆ
471 1351 518 1441 τῷ
545 1347 668 1436 πλῆθει
689 1351 748 1436 τῆς
774 1349 931 1440 τοιαύτης
958 1347 1100 1442 ἀρχηγοὶ
1174 1362 1176 1367 ’

81 1453 295 1548 θρασύτητος
321 1452 509 1542 γενοίμεθα,
536 1457 664 1542 μάλλον
692 1453 729 1523 δὲ
752 1457 809 1524 καὶ
823 1446 901 1546 Ιπρδ
928 1460 990 1527 τοῦ
1017 1459 1099 1548 πλῆ-

80 1570 171 1641 θους
203 1557 300 1629 αύτοὶ
331 1559 369 1628 τὸ
397 1562 472 1650 περὶ
504 1558 584 1643 τούς
615 1559 719 1642 θεοὺς
745 1559 944 1652 ν’,σεβηκέναι
975 1565 1098 1653 προλά-

81 1673 204 1754 βωμεν.
252 1663 353 1735 οὐδὲν
381 1659 474 1758 (οὖν)
503 1663 716 1756 άπεμφαῖνον
743 1664 831 1738 εἶναι
857 1668 920 1760 χρῆΙ
946 1672 1023 1760 περὶ
1041 1668 1100 1752 τάς

42 1802 69 1845 ιι
81 1772 241 1853 τοιαύτας
277 1775 392 1860 λέξεις,
430 1769 513 1843 άλλά
545 1772 651 1861 σεμνὰ
686 1772 795 1843 πάντα
831 1777 887 1844 καί
919 1775 1004 1846 καλά
1042 1779 1098 1846 καὶ
1176 1860 1179 1865 Ι

81 1882 315 1968 μεγαλοπρεπῆ
344 1880 400 1967 καὶ
418 1888 497 1948 θεῖα
524 1880 579 1948 καὶ
597 1877 732 1969 καθαρά
759 1881 893 1970 καὶτῆς
919 1886 988 1951 τῶν
1005 1887 1099 1952 θεῶν

82 1982 202 2066 οὐσίας
234 1991 281 2066 είς
317 1985 464 2073 δύναμιν
501 1986 741 2073 έστοχασμένα’
774 1984 812 2056 τὸ
845 1986 883 2055 δὲ
914 1986 998 2058 κατά
1029 1982 1150 2076 τῆν219

82 2091 239 2161 διάνοιαν
267 2088 480 2180 άπεμφαῖνον
507 2089 596 2182 (τού)
624 2097 789 2182 χρησίμου
812 2092 1014 2180 γιγνόμενον
1040 2095 1099 2182 χά-

81 2226 138 2287 ριν
166 2198 350 2287 ἐγκριτέον,
383 2194 427 2279 τῆς
459 2193 502 2266 δν
528 2197 574 2286 μῆ
601 2223 693 2279 τινος
726 2193 945 2288 ὑπομνήσεως
972 2202 1099 2282 ἔξωθεν

43 2335 69 2377 το
82 2309 119 2374 οί
144 2301 321 2393 άνθρωποι
349 2304 517 2392 δεόμενοι,
546 2300 618 2373 ἀλλ’
648 2300 714 2374 ὑπὸ
734 2308 802 2373 τόν
825 2307 862 2373 ἐν
885 2302 976 2398 αύτῷ
1004 2315 1097 2392 λεγο-

81 2412 195 2499 μένων
221 2414 267 2502 τῷ
295 2410 395 2501 μύθῳ
424 2409 662 2499 διδασκόμενοι
694 2409 732 2480 τὸ
759 2410 936 2482 λανθάνον
962 2415 1099 2499 μῶσθαι
1144 2468 1146 2472 .

81 2518 138 2586 καὶ
166 2525 460 2606 πολυπραγμονεῖν
486 2513 548 2604 ὑφ’
578 2513 716 2605 ἡγεμόσι
743 2530 814 2599 τοῖς
845 2528 940 2600 θεοῖς
966 2529 1098 2608 προθυ-

81 2633 232 2712 μηθεῖεν.
280 2625 359 2692 ίδού
386 2621 450 2712 γάρ
480 2629 583 2711 ἔγωγε
610 2626 744 2693 πολλῶν
772 2621 903 2712 ῆκονσα
929 2624 1099 2711 λεγόντων

81 2728 270 2818 άνθρωπον
301 2729 362 2816 μὲν
392 2728 453 2799 τὸν
485 2730 678 2817 Διόνυσον,
715 2732 845 2820 έπείπερ
883 2734 919 2800 ἐκ
950 2733 1100 2819 Σεμέλης

43 2866 68 2907 ιε
82 2837 234 2922 ἐγένετο,
275 2834 361 2904 θεὸν
402 2834 440 2904 δὲ
481 2835 537 2906 διὰ
581 2843 764 2927 θεουργίας
804 2838 861 2906 καὶ
900 2841 1164 2926 τελεστικῆς,Β.

82 2940 195 3031 ὥσπερ
231 2939 291 3010 τὸν
328 2941 493 3030 δεσπότην
525 2939 687 3032 Ἡρακλέα
730 2941 786 3012 διά
825 2946 885 3030 τῆς
925 2947 1099 3032 βασιλικῆς

81 3046 202 3138 ἀρετῆς
235 3054 281 3129 είς
312 3045 372 3116 τὸν
396 3044 570 3177 Ὄλυμπον
601 3044 668 3118 ύπδ
700 3052 762 3119 τοῦ
794 3047 918 3138 πατρὸς
950 3047 1098 3138 ἀνῆχθαι

79 3158 145 3224 τοῦ
164 3154 257 3235 Διός.
303 3151 375 3223 ἀλλ’
407 3181 432 3222 ω
451 3153 524 3241 τάν,
552 3152 657 3242 εἶπον,
686 3183 728 3225 ου
717 3152 873 3238 ’ξυνίετε
899 3158 963 3225 τού
981 3155 1096 3244 μύθου

153 3325 306 3400 8ένλμεῖ
340 3327 503 3415 θκαιην
520 3329 570 3385 καὶ
587 3331 627 3402 Η]
646 3327 739 3400 κωλῆν
758 3330 834 3388 εἶναι
898 3337 929 3387 10
947 3333 1005 3400 μηδ
1009 3329 1096 3398 δνΗ]

80 3336 182 3468 μηθέν
269 3404 300 3451 14
319 3388 372 3453 οὖν
390 3399 453 3457 αδδ.
472 3403 499 3453 Η
585 3401 687 3456 18τοῦ
706 3403 768 3468 αδδ.
785 3403 854 3455 Rsk.
931 3405 963 3452 21
982 3400 1100 3468 μῶσθαι

80 3470 108 3521 V
136 3475 165 3519 οῖ
191 3467 293 3520 θαὶδεε
319 3486 345 3521 v.
373 3468 501 3535 μῶσθαι,
528 3469 577 3520 ubi
602 3470 690 3521 verba
715 3462 748 3522 τὸ
776 3462 985 3523 λανθάνον·
1012 3468 1099 3520 πολυ-

81 3540 265 3603 πραγμονεῖν
283 3537 446 3602 αδειοοῖστ,
465 3556 498 3604 μ.
509 3537 593 3590 ,σθαι
611 3543 680 3603 pet„
698 3535 848 3605 μυούσθαι
867 3537 962 3603 spanh
