2392 3960
108 157 171 221 412
405 157 551 210 mmm
573 158 822 210 IMPERATORIS

109 289 285 375 παρῆλθον
317 300 386 366 τοῖς
418 291 535 373 ἔργοις.
580 286 635 352 καὶ
667 287 736 352 τῶν
768 287 857 372 ἐμῶν
889 285 950 372 μὲν
977 290 1125 356 πολιτῶν

109 384 147 461 εὖ
175 391 251 461 οἶδα
280 387 325 472 ῶς
353 389 465 472 οὐδεὶς
483 388 733 478 άντιποιήσεταί
757 417 814 478 μοι
841 395 910 460 τῶν
936 399 1124 481 πρωτείων·

70 504 140 566 Cei
171 498 208 566 δὲ
237 495 451 587 Ἀλέξανδρος
483 492 600 565 οὑτοσὶ
635 499 759 587 τολμᾷ,
796 503 872 566 τίνα
908 501 977 567 τῶν
1014 505 1125 589 ἔργων

108 608 176 671 τῶν
209 606 331 672 ἑαυτοῦ
363 618 433 684 τοῖς
467 606 557 691 ἐμοῖς
589 600 679 684 άξιοῖ
711 610 939 693 παραβαλείν;
972 614 1055 688 ἴσως
1086 605 1126 675 τά

109 711 267 799 Περσικά,
296 707 406 798 ῶσπερ
425 707 487 796 οὐχ
514 707 660 798 ἕορακῶς
678 711 881 798 ἐγηγερμένα
899 738 956 799 μοι
973 715 1151 781 τοσαῦταί

108 814 191 885 κατὰ
209 822 390 904 Πομπηίον
418 816 575 904 τρόπαια;
603 820 711 884 καίτοι
738 822 788 897 τίς
807 816 996 906 δεινότερος
1023 837 1123 908 στρα-

109 921 208 1011 τηγὸς
235 924 367 1009 γέγονε,
395 933 540 1011 Δαρεῖος
566 917 587 1010 ή
614 921 804 1010 Πομπήιος;
837 925 966 1015 ποτέρῳ
1000 922 1039 993 δὲ
1067 922 1126 994 άν-

109 1029 299 1117 ὄρειότερον
326 1025 507 1118 ἠκολούθει
526 1027 765 1117 στρατόπεδον;
793 1026 834 1098 τά
852 1028 914 1117 μὲν
936 1021 1002 1099 οὖν
1029 1058 1126 1119 μαχι-

64 1147 89 1199 Ι)
108 1135 240 1222 μάτατα
271 1137 339 1203 τῶν
371 1139 506 1224 Δαρείῳ
538 1134 703 1223 πρότερον
735 1130 978 1205 ὑπακουόντων
1010 1138 1127 1206 ἐθνῶν

108 1243 146 1308 ἐν
177 1243 217 1330 τή
244 1244 369 1329 Καρῶν
400 1247 501 1330 μοίρηι
528 1240 702 1328 Πομπήιος
735 1239 822 1329 εἶχεν
854 1242 1012 1330 ἑπόμενα,
1045 1242 1164 1325 ποὺςιο

109 1346 146 1414 δὲ
174 1349 209 1415 ἐκ
236 1350 294 1434 τῆς
311 1344 488 1436 Εὐρώπης,
517 1353 552 1415 οἳ
576 1345 637 1435 τήν
661 1343 775 1416 Ἀσίαν
793 1347 951 1430 πολλάκις
977 1349 1127 1438 πόλεμον

109 1453 301 1538 ἐπάγουσαν
333 1456 528 1542 ἐτρέψαντο,
560 1454 616 1523 καὶ
648 1453 778 1523 τούτων
809 1451 922 1524 αὐτῶν
952 1453 1033 1537 τοὺς
1066 1453 1125 1526 άν-

109 1558 332 1646 θρειοτάτους,
349 1556 504 1645 Ἰταλούς,
520 1555 713 1648 Ἰλλυριούς,
731 1560 886 1642 Κελτούς.
918 1558 987 1631 ἀλλ’
1000 1561 1125 1652 ’ἐπειδὴ

108 1668 175 1733 τῶν
202 1668 339 1734 Κελτῶν
370 1660 606 1754 ὑπεμνήσθην,
638 1657 704 1755 άρα
734 1680 805 1747 τοῖς
832 1673 980 1749 Γετικοῑς
1011 1674 1125 1759 ἔργοις

106 1767 324 1860 Ἀλεξάνδρου
356 1769 418 1860 τήν
449 1776 507 1860 τής
538 1774 699 1860 Κελτικής
730 1769 965 1861 άντιτάττομεν
1001 1779 1123 1845 καθαί·
1136 1800 1161 1844 15

108 1898 216 1965 ρεσιν;
246 1869 345 1958 οὗτος
363 1876 449 1960 άπαξ
469 1877 659 1967 ἐπεραιώθη
678 1877 738 1947 τὸν
757 1877 901 1968 Ἴστρον,
924 1876 991 1967 ἐγῶ
1009 1881 1124 1953 δεάτε-

108 2011 169 2071 ρον
196 1982 256 2053 τὸν
280 1979 410 2072 Ῥήνου·
438 1981 648 2074 Γερμανικὸν
675 1976 719 2053 αὖ
736 1987 837 2054 τοῦτο
855 1984 892 2054 τὸ
912 1984 1126 2078 ἐμὸν-ἔργον.

107 2091 214 2181 τούτῳ
248 2090 285 2159 δὲ
318 2089 458 2179 ἀντέστη
491 2090 553 2179 μὲν
582 2087 663 2160 οὐδὲ
689 2085 750 2178 εἷς,
778 2089 843 2179 ἐγῶ
871 2091 956 2181 πρὸς
979 2089 1126 2184 Ἀριόβι-

54 2214 104 2263 321
113 2218 193 2265 στον
225 2194 451 2286 ἠγωνισάμην.
496 2200 627 2285 πρῶτος
658 2196 821 2286 ἐτόλμησα
849 2193 1021 2287 Ῥωμαίων
1055 2204 1125 2271 ἐπι-

107 2305 207 2390 βήναι
238 2307 297 2392 τής
330 2303 422 2385 ἐκτὸς
453 2303 634 2391 θαλάσσης.
680 2304 735 2372 καὶ
767 2307 867 2373 τοῦτο
898 2296 942 2394 ήν
975 2315 1060 2390 ίσως
1085 2306 1125 2378 τὸ
1138 2336 1166 2376 ιο

107 2415 206 2498 ἔργον
235 2408 306 2500 (οὐ)
335 2410 547 2498 θαυμαστόν·
579 2415 688 2478 καίτοι
715 2407 777 2497 τήν
804 2411 931 2499 τόλμαν
957 2414 1014 2482 καὶ
1042 2414 1125 2484 ταύ-

106 2543 168 2602 την
195 2514 290 2598 άξιον
317 2516 510 2604 θαυμάσαι·
543 2512 626 2586 άλλά
653 2513 690 2583 τὸ
718 2516 832 2603 μεῖζόν
858 2545 940 2606 μον,
971 2517 1011 2589 τὸ
1040 2517 1126 2591 άπο-

105 2624 208 2709 βήναι
234 2625 293 2710 τής
319 2621 405 2703 νεῶς
432 2627 575 2712 πρῶτον.
611 2624 664 2691 καὶ
688 2620 769 2703 τοὺς
792 2618 979 2711 Ἐλβειίονς
1006 2630 1127 2697 σιωπῶ

105 2729 161 2796 καί
188 2726 225 2796 τὸ
254 2731 322 2797 τῶν
347 2725 487 2818 Ἰβήρων
514 2735 624 2809 ἔθνος.
670 2725 812 2810 οὐδενὸς
839 2736 888 2798 ἔτι
913 2734 984 2801 τῶν
1012 2738 1126 2804 Γαλα-

174 2907 306 2976 λούθελς
324 2914 525 2983 Heusingerus]
546 2910 647 2976 οὐθεὶς
699 2915 800 2969 aava
817 2917 881 2969 libri
911 2917 941 2970 τί
991 2913 1126 2986 4άξιοῖς

106 2983 202 3035 VBav.
236 2983 240 3047 Ι
273 2982 454 3050 παραβαλεῖν
471 2981 547 3050 libri]
567 2976 763 3050 παραβάλλειν
842 2988 858 3036 ⁶
891 2980 1003 3067 ορακῶς
1021 2992 1125 3057 εοείμνί
1167 3024 1169 3031 1

105 3065 154 3114 pro
173 3041 305 3115 ἑωρακὼς
374 3049 469 3104 θεῶν
485 3050 601 3118 ΜΑαςή
627 3053 665 3120 τῷ
736 3047 870 3130 ¹⁰J⁰²³⁶J
888 3071 945 3108 των
962 3060 1018 3122 pei.
1091 3060 1124 3109 11

106 3113 135 3168 οἳ
157 3114 201 3184 M]
227 3113 257 3168 οί
344 3123 373 3170 12
396 3113 548 3186 ἐτρέποντο
567 3120 638 3186 Aug.
727 3121 758 3172 13
781 3122 903 3183 Ιταλοιίς
925 3137 976 3178 om.
995 3124 1020 3175 V
1091 3128 1126 3177 14

105 3185 212 3236 κελτῶν
232 3183 270 3250 Μ]
288 3186 433 3239 Κελτικῶν
466 3187 470 3251 Ι
503 3181 692 3254 ἐπεμνήσθην
710 3194 766 3254 pet.
850 3191 881 3243 16
899 3182 955 3256 ἐγῶ
972 3188 1123 3273 VMAug.]

105 3245 159 3335 ξγῶ
179 3248 213 3305 δὲ
283 3257 314 3305 17
332 3247 365 3306 τὸ
384 3248 513 3332 ἐμάνητε
530 3248 600 3321 ἐμάν
618 3257 726 3336 Ἶβιν,
745 3249 816 3337 ξμόν
833 3257 877 3323 Μ,
895 3254 984 3338 τοῦτο
998 3250 1073 3323 ἐμὸν
1088 3278 1124 3314 το

105 3317 1122 3463 {iiiiii-iiiiii?iiiiiiiffiiziiiiiz‘sflii

105 3464 139 3507 ον
158 3458 308 3508 addiditH
395 3461 428 3509 22
451 3472 507 3523 μου
526 3457 599 3524 VM]
619 3475 668 3525 μοι
754 3462 786 3511 23
805 3452 970 3527 ἐλβεστίους
1016 3462 1121 3533 MAug.

103 3527 136 3574 24
150 3515 277 3590 Ἰβήρων]
297 3517 420 3591 ἕβραίων
438 3527 496 3577 VM
