2392 3960
105 141 170 206 262
408 141 552 196 mmm
569 141 818 194 τοτεεεεοοειε

105 299 166 340 τον
203 274 357 358 ἔπραξεν,
394 267 504 359 ὥσπερ
542 260 605 337 οὖν
641 270 813 357 λέγουσιν,
850 273 888 340 έν
917 267 1031 364 άγορᾷ
1066 273 1140 359 [oi

106 379 250 465 πολλοὶ],
278 375 337 446 τὸν
366 380 503 447 ἐκείνων
530 378 645 443 πατῶν
672 376 783 464 τάφον
807 379 921 464 ἐποίει,
950 376 1129 448 διδάσκων

107 481 245 572 αύτούς,
279 481 329 553 ὅτι
357 486 469 574 πολλῷ
497 481 688 572 φαυλότερα
720 485 775 551 καὶ
803 483 1014 573 χαλεπώτερα
1044 482 1122 555 τού·

106 619 174 658 των
203 591 445 679 ἐπιτηδεύουσι.
490 587 531 657 τά
558 588 619 676 μὲν
646 588 710 678 γάρ
729 593 820 658 ἐστιν
837 586 919 680 ἡμῖν
937 593 1021 660 πᾶσι
1037 587 1117 661 κατά
1160 660 1162 673 ,

108 697 228 784 φύσιν,
261 696 301 765 τά
329 692 417 767 δε
394 725 439 778 ως
471 701 548 776 ἐπος
580 702 686 764 εἰπεῖν
714 693 846 783 ούδενί,
878 697 989 767 πάντα
1021 697 1059 767 δὲ
1083 699 1133 766 ἐκῡ

108 807 313 895 διαστροφῆς
341 803 576 891 ἐπιτηδεύεται.
614 798 686 870 ἄλλ’
718 806 834 877 οίνύν
852 831 914 873 τον
899 806 1114 892 Διογένους

108 913 248 999 ζηλωταὶ
275 909 312 979 τό
334 915 460 1001 ῥᾷστον
478 910 533 978 καὶ
553 909 765 996 κουφότατον
789 909 941 998 ἑλόμενοι
959 910 998 979 τὸ
1017 925 1113 998 κρεῖτ-

72 1027 166 1086 Βτον
195 1015 257 1086 ούκ
285 1017 391 1086 εἶδον·
420 1015 464 1084 σύ
490 1043 524 1083 τε
552 1017 691 1084 ἐκείνων
719 1015 806 1084 εἶναι
834 1017 1032 1106 σεμνότερος
1049 1017 1115 1087 έθέ·

107 1134 176 1192 λων
204 1120 442 1211 άπεπλανήθης
472 1124 637 1190 τοσοῦτον
668 1125 726 1209 της
754 1125 941 1210 Διογένους
968 1124 1115 1214 προαιρέ-

108 1251 205 1316 σεως,
236 1226 319 1298 ὥστε
347 1227 453 1299 αὐτὸν
485 1227 630 1298 ἐλεεινὸν
658 1229 822 1317 ἐνόμισας.
869 1236 900 1299 εί
926 1230 964 1299 δὲ
990 1230 1116 1311 τούτοις
1127 1248 1145 1288 ¹⁰

108 1337 169 1423 μὲν
197 1333 345 1425 ᾗπίστεις
372 1333 457 1423 ὑπὲρ
485 1332 610 1426 άνδρὸς
637 1339 845 1424 λεγομένοις,
873 1332 915 1406 ὃν
942 1341 979 1406 οί
1003 1337 1118 1417 πάντες
1160 1350 1162 1367 “

99 1440 257 1530 Ἕλληνες
283 1441 358 1512 τότε
386 1442 585 1530 ἐθαύμασαν
612 1439 692 1530 μετά
720 1442 883 1531 Σωκράτη
917 1445 974 1513 καὶ
1002 1452 1119 1513 Ποθα-

108 1548 213 1638 μόραν
246 1551 298 1618 ἐπὶ
326 1550 508 1629 Πλάτωνος
539 1550 595 1617 καὶ
620 1546 879 1640 Ἀριστοτέλους,
912 1541 957 1619 ού
984 1552 1120 1638 γέγονεν

108 1653 272 1743 άκροατης
310 1652 327 1724 ὁ
369 1659 430 1725 τού
472 1656 771 1744 σωφρονεστάτου
793 1658 850 1725 καὶ
891 1657 1121 1726 συνετωτάτου
1152 1674 1157 1684 ’

108 1761 267 1850 Ζήνωνος
303 1762 521 1851 καθηγεμύν,
564 1759 624 1844 οὓς
661 1759 722 1832 ούκ
759 1760 848 1844 είκὸς
888 1754 932 1851 ἦν
974 1760 1122 1845 ἅπαντας
1134 1780 1154 1823 1⁵

108 1865 323 1957 ἀπατηθῆναι
355 1871 430 1957 περὶ
464 1865 588 1960 ἀνδρὸς
620 1866 708 1938 οὕτω
741 1869 891 1957 φαύλου,
924 1865 1045 1939 ὁποῖον
1082 1867 1124 1940 σὺ

56 1980 353 2067 203διακωμφδείς,
377 1968 403 2045 ὦ
422 1979 579 2064 βέλτιστε,
608 1986 687 2057 ἴσως
706 1973 749 2044 άν
766 2003 798 2044 τι
816 1978 919 2045 πλέον
937 1976 1126 2066 έσκόπησας

107 2083 183 2171 περὶ
217 2079 324 2152 αύτού
356 2084 412 2151 καί
444 2085 642 2173 πορρωτέρω
670 2085 838 2172 προῆλθες
869 2085 928 2171 τῆς
955 2085 1126 2174 ἐμπειρίας

107 2185 259 2277 τάνδρος.
310 2195 386 2258 τίνα
418 2189 482 2277 γὰρ
522 2186 584 2258 ούκ
617 2191 768 2277 ἐξέπληξε
805 2216 874 2257 των
901 2185 1123 2277 Ἑλληνων’
1104 2220 1125 2280 η

108 2298 296 2382 Διογένους
323 2303 490 2385 καρτερία,
518 2299 692 2384 βασιλικῆς
711 2293 773 2365 ούκ
797 2297 858 2378 ἔξω
877 2303 1162 2385 μεγαλοφυχίαςσ

109 2393 212 2489 οὖσα,
240 2404 296 2472 καὶ
325 2409 521 2491 φιλοπονία;
555 2398 789 2473 ἐκάθευδεν’
771 2429 857 2492 ανηρ
886 2403 940 2471 ἐπὶ
967 2403 1129 2490 στιβάδος

109 2511 145 2576 ἐν
181 2513 228 2601 τῷ
264 2515 357 2600 πίθφ
400 2505 581 2597 βέλτιον
567 2538 588 2597 η
620 2512 722 2597 μένας
759 2505 915 2597 βασιλεὺς
950 2503 1019 2578 ὑπὸ
1058 2525 1130 2592 τοῖς

108 2577 300 2705 ἐπιχρύσοις
328 2578 468 2706 ύρόφοις
496 2618 533 2684 ἐν
559 2619 599 2706 τῇ
628 2620 784 2705 μαλθακῇ
811 2622 919 2704 κλίνη,
946 2610 1049 2703 ἤσθιε
1065 2611 1131 2704 τὴν

109 2724 214 2808 μάζαν
242 2718 341 2809 ἥδιον
368 2717 389 2809 ἢ
418 2719 461 2790 σύ
480 2724 547 2791 νύν
573 2721 632 2804 τὰς
650 2720 826 2803 Σικελικάς
853 2723 979 2801 ἐσθίεις
1004 2724 1127 2810 τραπέ-

67 2836 91 2890 Β
111 2835 175 2914 ξας,
203 2827 336 2897 ἐλούετο
354 2831 470 2920 θερμῷ
489 2827 525 2897 τὸ
555 2832 649 2917 σῶμα
667 2827 751 2917 πρὸς
768 2826 828 2898 τὸν
847 2824 927 2918 άέρα
955 2828 1162 2916 ξηραίνωνδ

111 2931 185 3002 ἀντὶ
204 2938 274 3002 τῶν
293 2932 454 3022 ὀθονίων,
483 2931 534 3016 οἷς
558 2934 632 3026 (σὺ)
652 2933 833 3024 άπομάττη,
861 2933 1129 3021 φιλοσοφώτατε.

111 3041 201 3109 πάνυ
231 3062 285 3110 σοι
312 3042 471 3131 προσήκει
489 3047 663 3134 κωμῳδεῖν
682 3045 822 3128 ἐκεῖνον,
851 3038 901 3110 ὅτι
919 3040 1129 3130 κατειργάσω

177 3249 263 3300 1οι2
287 3242 317 3300 οἱ
334 3247 435 3300 πολλοὶ
453 3248 568 3300 inclusit
586 3249 625 3310 H;
651 3249 711 3300 Pet.
731 3249 843 3328 scripsit
861 3242 892 3299 λέ
912 3260 994 3298 οοσιν
1011 3240 1044 3298 οί
1059 3248 1131 3300 πολ·

109 3308 315 3399 λολένάρορᾷ
386 3308 493 3383 4ημιν
511 3308 580 3383 V]
563 3315 646 3382 ημῶν
715 3306 853 3367 σούδενί
868 3264 1037 3394 Ηδούθενί
1099 3318 1132 3367 16

107 3374 159 3442 οὓς
177 3382 215 3449 Η]
234 3401 273 3444 ως
341 3387 373 3436 21
394 3383 552 3450 φιλοπονία
571 3381 644 3451 Pet.]
665 3382 840 3460 φιλοπονίας
867 3381 871 3443 Ι
898 3373 973 3447 άνηρ
992 3376 1073 3448 H]
1054 3378 1132 3461 ανὴρ

107 3454 141 3501 24
159 3451 218 3517 μᾶζ
219 3471 255 3504 αν
273 3450 316 3532 Η]
331 3403 425 3520 μάζαν
440 3453 444 3519 Ι
460 3449 553 3517 ηδιων
571 3455 595 3505 V
664 3455 697 3503 26
715 3450 750 3502 σύ
770 3450 831 3502 add.
843 3451 871 3502 H
886 3452 890 3516 Ι
906 3445 1132 3551 φιλοσοφώτατε

106 3517 142 3584 V]
164 3515 401 3588 φιλοσοφώτερον
