2392 3960
476 174 614 228 οιιιυιο
632 176 693 227 vn.
1021 175 1084 242 293

66 304 130 394 τὴν
153 309 262 372 Λαΐδα
281 299 361 372 οῦδὲ
378 301 441 390 τὴν
458 305 558 371 τοῦδε
581 301 809 393 περιβλέπεται
837 330 983 392 γαμετην
1002 301 1119 374 ούδέΒ

67 411 105 480 τὸ
138 410 326 501 θνγάτριον
363 406 443 479 οὐδὲ
479 406 541 497 τὴν
577 408 807 500 θεράπαιναν·
845 406 917 478 ἀλλ’
954 405 998 492 ως
1035 417 1085 480 έυι
1146 426 1149 431 ’

68 519 211 607 μάλιστα
238 519 274 586 έκ
300 519 369 585 των
395 511 654 607 προστυχόντων
672 513 867 604 ἀποπλήσας
894 513 956 604 τὴν
982 528 1085 606 θερα-

67 631 168 694 πείαν
195 626 257 692 τοῦ
284 621 435 711 σώματος
462 623 517 691 καὶ
539 620 577 691 τὸ
598 624 760 710 ἐνοχλοῦν
777 624 811 703 ἐξ
839 619 945 691 αὐτοῦ
973 649 1085 714 παρω-

37 731 226 818 ισάμενος,
255 727 390 798 ἀνωθεν
408 731 444 797 έκ
461 731 521 816 τῆς
546 725 715 817 Ὀλύμπου
739 731 891 818 κορυφῆς
919 731 1085 817 έπιβλέπει

67 835 149 917 τοῦς
177 833 299 916 ἀλλους

144 957 242 1048 ’Ἄτης
268 949 306 1028 έν
334 962 468 1047 λειμῶνι
496 957 579 1028 κατά
607 958 728 1027 σκότον
754 955 973 1047 ἠλάσκοντας,

67 1081 155 1174 ὑπὲρ
192 1080 315 1170 ὀλίγων
351 1082 561 1152 παντάπασιν
598 1078 816 1153 ἀπολαύσεων
856 1079 1085 1172 ὑπομένοντας

69 1189 136 1260 ὅσα
177 1187 258 1259 οῦδὲ
295 1188 384 1280 παρὰ
420 1189 481 1258 τὸν
516 1186 680 1259 Κωκυτόν
721 1191 777 1258 καὶ
817 1187 877 1258 τὸν
911 1186 1086 1282 Ἀχέροντα

20 1327 50 1367 10
66 1299 260 1387 θρυλοῦσιν
288 1300 323 1365 οί
348 1295 548 1387 κομψότεροι
574 1299 643 1365 τῦν
669 1299 826 1384 ποιητῶν.
871 1292 892 1385 ἡ
921 1297 1086 1385 σύντομος

68 1401 152 1484 ὁδός
184 1405 273 1471 ἐστιν
306 1400 400 1490 αῦτη.
446 1407 500 1471 δεῖ
529 1400 591 1493 γὰρ
625 1398 730 1471 αῦτὸν
762 1399 896 1493 ἀθρόως
930 1406 1125 1492 ἐκστῆναιῦ

69 1513 196 1580 ἑαυτοῦ
226 1511 282 1578 καὶ
314 1511 456 1596 γνῶναι,
489 1499 540 1577 ότι
572 1508 666 1590 θεῖός
699 1512 781 1597 ἐστι,
814 1509 870 1578 καὶ
901 1508 962 1578 τὸν
999 1514 1086 1580 νοῦν

68 1617 133 1706 μὲν
160 1613 220 1685 τόν
248 1617 370 1684 ἑαυτοῦ
399 1611 547 1705 ἀτρύτως
574 1616 628 1685 καὶ
657 1611 902 1705 ἀμετακινήτως
930 1618 1085 1704 συνέχειν
1151 1637 1155 1646 ’

70 1726 108 1791 έν
136 1738 207 1803 τοῖς
233 1726 342 1802 θείοις
368 1723 424 1791 καὶ
452 1718 627 1812 ἀχράντοις
644 1724 699 1791 καλ
718 1733 883 1811 καθαροῖς
909 1723 1086 1811 νοήμασιν,

24 1857 53 1898 15
71 1826 249 1919 ὀλιγωρεῖν
277 1827 313 1896 δὲ
341 1828 449 1915 πάντη
476 1831 538 1896 τοῦ
566 1828 717 1916 σώματος
743 1830 800 1897 καὶ
827 1835 973 1916 νομίζειν
1003 1826 1085 1900 αῦτὸ

70 1933 155 2005 κατά
183 1933 243 2003 τὸν
266 1930 480 2025 Ἡράκλειτον
508 1941 657 2024 κοπρίων
685 1933 932 2025 ἕκβλητότερου,
961 1938 997 2004 ἐκ
1023 1939 1086 2005 τοῦ

71 2042 198 2134 ῥᾴστου
227 2040 263 2109 δέ
292 2036 381 2134 αῦτῷ
409 2039 467 2121 τὰς
493 2045 674 2126 θεραπείας
697 2037 926 2129 ἀποπληροῦν,
954 2043 1016 2122 ἕως
1044 2038 1086 2110 ἀν

48 2145 89 2217 ό
119 2145 200 2228 θεὸς
228 2143 338 2236 ὥσπερ
366 2144 499 2238 ὀργάνῳ
527 2150 572 2240 τῷ
601 2146 727 2236 στόματι
751 2149 897 2236 χρῆσθαι
925 2147 1086 2237 έπιτάττη.

156 2256 268 2322 Ταῦτα
296 2253 356 2339 μὲν
384 2245 448 2322 οῦν
476 2307 722 2323 ..........
747 2251 918 2334 Ἐπανάξω
946 2253 983 2323 δὲ
1002 2251 1087 2323 ὅθεν
1148 2267 1151 2271 ’

27 2387 56 2428 κο
72 2362 198 2448 ἐξέβην.
235 2357 348 2447 ἐπειδὴ
367 2357 432 2449 γὰρ
459 2357 539 2456 τοῦς
565 2359 698 2448 μύθους
725 2359 883 2449 προσήκει
909 2359 994 2451 πρὸς
1010 2375 1087 2428 παῖ-

70 2473 134 2547 δας
162 2463 235 2552 ῦτοι
262 2468 307 2557 τςῦ
336 2481 492 2556 φρονεῖν,
520 2462 584 2535 κάν
611 2463 732 2555 ἀνδρες
759 2457 859 2552 οἶσιν,
885 2462 906 2554 ἢ
934 2468 991 2535 καὶ
1018 2481 1087 2548 τοῖς
1105 2480 1131 2533 D

71 2569 153 2642 καθ’
183 2567 316 2658 ἡλικίαν
333 2578 525 2663 παιδαρίοις
543 2569 771 2659 ἀπαγγέλλειν,
790 2574 979 2653 ἐξεταστέον
999 2570 1088 2655 ὅπως
1168 2566 1173 2571 ’

141 2742 156 2789 7
176 2738 299 2805 „Versus
318 2744 361 2790 est
378 2739 577 2822 Empedoclem
595 2740 669 2806 apud
682 2740 896 2806 Karsteniump
898 2741 956 2794 88
959 2739 978 2768 “
998 2741 1066 2793 Cob

72 2800 253 2885 η’λάσκοντας
275 2804 341 2872 pet.]
372 2801 549 2872 ἦλοίσκονται
572 2807 597 2857 V
618 2807 715 2874 spanh.
802 2810 818 2859 8
841 2758 1027 2860 παντάπασιν
1048 2809 1073 2859 V

71 2865 242 2926 παντάπασι
313 2877 344 2925 10
362 2874 522 2940 θρυλοῦσιν
540 2873 579 2956 H]
598 2874 784 2956 θρυλλοῦσιν
847 2868 915 2926 13”
896 2892 1034 2958 ατρυτον
1036 2874 1086 2927 καλ

72 2938 286 3008 ἀμετακίνητον
312 2947 367 3028 pet
456 2944 487 2992 14
511 2936 653 3022 νοήμασιν
671 2941 705 3009 V]
731 2936 855 3009 νοήμασι
944 2947 975 2995 15
997 2938 1086 2996 αὐτόν

73 3011 127 3076 pet
198 3012 230 3061 16
243 3008 379 3090 κοπρίων
403 3009 503 3061 Suidas
524 3026 551 3060 v.
583 3001 620 3060 H
619 3001 780 3089 ράκλειτος,
803 3011 851 3062 ubi
873 3010 919 3061 hie
943 3011 1020 3062 locus
1044 3013 1087 3063 af·

72 3080 162 3130 fertur
181 3078 215 3127 ab
235 3071 385 3143 ὀλιγωρεῖν
385 3071 497 3220 οτιοίνιη
517 3078 552 3128 ad
570 3029 715 3157 έπιτύττη]
734 3094 819 3131 non..
845 3080 913 3144 .,V
936 3080 965 3128 in
983 3085 1039 3145 pet
1059 3083 1088 3131 et

71 3145 170 3226 spanh.
184 3149 226 3196 est
238 3144 392 3196 lacunae
370 3160 476 3224 mgnum
512 3138 662 3212 έκβλητότε
681 3162 714 3199 ον
726 3146 751 3197 V
764 3151 792 3197 et
799 3116 913 3228 Suid]
911 3163 1057 3215 ...περον
1070 3163 1087 3199 v

73 3218 105 3265 17
130 3205 209 3279 αὐτῷ
229 3210 317 3280 Suid.]
344 3203 434 3264 αῦτοῦ
522 3214 552 3263 17
566 3219 594 3265 et
607 3216 639 3265 18
662 3164 755 3274 ἕως
738 3230 808 3265 ανο
831 3215 904 3273 θεος
923 3213 1012 3280 Suid.]
1035 3208 1086 3273 ἕως

72 3300 109 3357 αη
134 3317 209 3333 .....
220 3279 265 3359 V,
290 3296 406 3347 ..μοςν
485 3283 515 3331 18
534 3269 627 3346 ῦοιιερ
646 3298 697 3334 om.
718 3278 794 3333 Suid.
874 3285 906 3332 19
924 3299 1015 3334 ταυτα
1033 3282 1088 3401 μὲν

73 3337 127 3401 οῦν
147 3345 277 3413 τοιαῦτα,
299 3348 370 3413 quod
390 3349 560 3430 suspicabar,
579 3351 722 3400 nonsatis
741 3350 836 3428 explet
852 3349 981 3400 laeunam
1014 3351 1018 3411 Ι
1052 3345 1086 3401 δὲ

71 3417 137 3470 add.
157 3416 182 3467 V
267 3418 301 3467 20
314 3421 341 3466 et
354 3418 384 3466 21
404 3412 475 3481 πρὸς
493 3408 643 3498 παιδος
621 3433 686 3484 ητοι
705 3415 739 3498 V]
762 3410 880 3484 πρὸς..
891 3417 976 3469 .cf.
1001 3419 1086 3468 22311

71 3491 100 3535 ει
118 3485 193 3535 Plat.
212 3483 295 3549 Gorg.
312 3484 400 3534 4641)
486 3487 518 3535 21
546 3470 615 3536 ὦσιν
638 3483 672 3553 V]
701 3470 752 3536 ἀοι
837 3487 870 3536 22
897 3472 1027 3550 ὅπως]
1011 3501 1087 3545 οπως

70 3571 109 3605 αν
126 3554 153 3603 Η
