2392 3960
136 182 199 247 32³2
438 186 582 238 IULIANI
599 187 848 246 mpssssATol-ns

137 313 332 400 διεστηκότα
359 318 404 405 τῶ
432 313 534 404 τόπφ,
562 316 688 402 μᾶλλον
716 313 752 381 δὲ
776 309 856 381 οὐδὲ
876 313 1018 400 δεόμενα
1046 311 1153 382 τόπου

138 416 221 505 ὁρῶν
248 447 283 488 τε
310 422 366 488 καὶ
386 424 493 509 αίρείν
521 420 728 507 πεφύκαμεν,
756 417 849 500 ὅσοις
867 415 966 500 ἀξίως
993 424 1154 506 βεβίωται

137 529 194 612 της
225 526 380 613 τοιαύτης
411 529 512 612 θέας,
545 529 722 606 ἐννοῶντες
759 522 865 614 αύτην
896 526 951 593 καί
985 524 1152 594 συναπτό-

138 659 240 719 μενοι.
1114 685 1117 689 .
1159 688 1162 693 .

91 824 96 831 .
215 736 299 807 Ἀλλ’
331 735 348 806 ὁ
377 738 437 827 μὲν
465 742 639 828 Περικλῆς,
667 736 723 806 ἅτε
753 737 794 826 δὴ
813 737 1038 827 μεγαλόφρων
1066 734 1175 828 άνηρῦ

98 846 192 912 exal
219 847 357 935 τραφεὶς
385 847 569 934 ἐλευθέρως
587 848 624 914 ἐν
643 846 803 935 ἐλευθέρη
830 847 870 934 τῇ
893 843 998 931 πόλει,
1026 840 1153 932 ύφηλο-

136 954 244 1040 τίροις
270 952 479 1038 ἐψυχαγώγει
506 951 619 1037 λόγοις
646 946 763 1020 αύτόν·
792 948 856 1036 ε’γῶ
885 950 922 1018 δὲ
949 948 1101 1037 γεγονῶς
1119 952 1154 1037 ἐκ

137 1061 204 1126 τῶν
234 1052 299 1126 οἷοι
327 1061 393 1125 νῦν
416 1063 536 1146 βροτοί
560 1062 646 1125 είσιν
674 1054 988 1146 άνθρωπικωτίροις
1006 1054 1153 1145 ἐμαυτόν

137 1165 248 1250 θίλγω
268 1165 323 1231 καί
342 1165 481 1253 παράγω
501 1164 622 1249 λόγοις,
651 1166 706 1232 καὶ
725 1161 763 1231 τὸ
782 1170 859 1232 λίαν
877 1160 998 1253 πικρόν
1018 1160 1153 1253 ἀφαιρῶ

137 1273 194 1355 της
222 1269 338 1357 λύπης,
365 1269 449 1358 πρὸς
468 1273 608 1338 ἕκαστον
625 1273 693 1337 τῶν
712 1267 767 1338 άεί
790 1296 847 1358 μοι
874 1268 1187 1358 προσπιπτόντωνῑι

138 1373 202 1444 άπὸ
231 1379 293 1444 τοῦ
320 1376 511 1465 πράγματος
535 1380 707 1465 δυσχερῶν
730 1403 764 1444 τε
788 1378 843 1445 καὶ
868 1373 1004 1445 ἀτόπων
1027 1403 1152 1464 φαντα-

94 1490 118 1542 Β
138 1482 272 1570 σμάτων
286 1483 483 1571 ἐφαρμόζειν
496 1481 571 1551 τινὰ
585 1489 806 1571 παραμυθίαν
817 1481 1032 1572 πειρῶμενος,
1043 1478 1152 1572 ῶσπερ

138 1586 272 1679 ε’πφδην
302 1595 429 1677 θηρίου
463 1589 605 1678 δήγματι
638 1589 820 1669 δάκνοντος
845 1586 960 1675 ,αὐτὴν
993 1593 1059 1657 ἔσω
1092 1585 1153 1677 τὴν

137 1699 281 1782 καρδίαν
312 1692 408 1781 ἡμῶν
440 1698 496 1763 καὶ
528 1693 587 1776 τὰς
618 1696 752 1783 φρένας.
798 1695 906 1764 ἐκεῖνό
937 1722 990 1764 τοι
1017 1694 1152 1786 πρῶτόν

138 1802 211 1868 ἐστί
234 1827 290 1888 μοι
317 1802 385 1868 τῶν
413 1803 628 1887 φαινομένων
651 1804 833 1888 δυσχερῶν.
869 1804 935 1870 νῦν
958 1799 1023 1887 ίγῶ
1051 1801 1186 1891 μόνοςῑῑ

138 1903 395 1994 άπολελείψομαι
422 1907 575 1995 καθαρῶς
593 1903 709 1992 ἐνδεὴς
737 1901 866 1993 ὁμιλίας
889 1908 945 1974 καὶ
974 1909 1154 1996 ἐλευθέρας
1189 1976 1192 1981 ,

138 2014 331 2094 ἐντεύξεως·
369 2009 410 2081 ού
446 2010 509 2100 γὰρ
547 2017 615 2080 ἔστι
653 2037 710 2100 μοι
745 2013 826 2092 τέως
863 2008 929 2104 ότηι
962 2014 1154 2103 διαλέξομαι

138 2123 278 2209 θαρρῶν
306 2115 438 2206 ὁμοίως.
479 2119 623 2208 πότερον
651 2109 714 2186 οὖν
742 2113 816 2186 οὐδ’
847 2119 979 2210 ἐμαυτῷ
1007 2120 1153 2205 διαλέγε-

86 2239 137 2288 249
145 2237 227 2294 σθαι
255 2225 375 2317 ῥᾴδιόν
402 2228 476 2294 ε’στί
500 2252 571 2314 μοις
600 2221 671 2293 ἄλλ’
702 2220 925 2314 ἀφαιρήσεταί
954 2226 997 2312 μέ
1021 2252 1073 2307 τις
1098 2225 1152 2294 καί

137 2330 199 2421 τὴν
227 2338 365 2402 ἔννοιαν
391 2334 446 2401 καλ
465 2330 735 2422 προσαναγκάσει
757 2345 852 2400 νοεῖν
869 2333 965 2421 ἕτερα
991 2332 1050 2400 καὶ
1067 2341 1153 2401 θαυ-

138 2438 251 2526 μάζειν
283 2435 361 2528 παρ’
397 2435 418 2506 ἃ
450 2438 630 2526 βούλομαι;
667 2433 688 2525 ἢ
719 2440 820 2506 τοῦτο
857 2439 917 2525 μέν
954 2439 1024 2506 ἐστι
1059 2432 1154 2529 τέρας

30 2582 34 2590 ·
79 2632 82 2637 .
138 2543 204 2632 ἤδη
232 2547 288 2614 καὶ
315 2545 521 2635 προσόμοιον
547 2547 594 2637 τῶ
622 2543 766 2632 γράφειν
793 2541 847 2631 ἐφ’
877 2540 1002 2625 ὕδατος
1028 2544 1087 2613 καὶ
1107 2544 1152 2637 τῇ

139 2658 240 2720 λίθον
276 2653 370 2732 ἕψειν
409 2653 466 2720 καὶ
502 2654 548 2744 τῷ
591 2652 780 2738 ίπταμίνων
818 2647 969 2739 ὀρνίθων
1010 2652 1152 2740 ἐρευνᾶν

140 2768 215 2845 ίχνη
242 2761 301 2846 της
318 2758 480 2847 πτήσεως;
510 2754 638 2826 ούκούν
656 2753 769 2845 ἐπειδὴ
787 2756 918 2826 τούτων
937 2746 1023 2845 ἡμᾶς
1043 2754 1150 2837 οὐδεὶς
1172 2804 1175 2809 -

140 2862 339 2954 ἀφαιρεῖται,
368 2864 580 2953 συνεσόμεθα
599 2863 773 2951 δήπουθεν
792 2860 892 2932 αύτοί
915 2889 985 2944 πως
1013 2864 1149 2963 ἕαυτοίς,

140 2981 221 3052 ίσως
252 2972 289 3040 δὲ
320 2974 376 3040 καὶ
409 2968 426 3040 ὁ
456 2977 587 3059 δαίμων
618 2966 829 3058 ύποθήσεταί
857 2997 889 3038 τι
920 2969 1080 3058 χρηστόν·
1112 2962 1147 3039 οί

225 3142 240 3189 6
259 3130 417 3202 ἐλευθέρως
436 3138 513 3205 θοὴ]
541 3129 695 3201 ίλεύθερος
781 3139 797 3188 8
819 3135 876 3189 τῶν
893 3137 921 3186 Η
940 3141 968 3188 et
986 3134 1068 3205 coh]
1091 3124 1148 3189 Μ’·

143 3225 198 3259 των
230 3207 236 3269 Ι
263 3202 336 3259 εἰσιν
355 3205 422 3273 νΜ]
442 3202 498 3258 είσι
580 3208 610 3256 11
628 3197 688 3257 άπό
705 3222 756 3257 του
773 3204 939 3271 πράγματος
957 3205 984 3255 H
1066 3190 1146 3259 1705

140 3271 194 3343 γάρ
214 3271 273 3326 ἔστι
292 3272 327 3338 V]
348 3267 382 3326 ού
388 3268 454 3355 γάρ
472 3266 531 3326 ἔστι
602 3276 634 3325 19
651 3289 687 3339 με
704 3271 791 3333 τίςν
859 3274 893 3322 20
915 3270 1147 3339 wasnaum

139 3345 258 3394 210t22
281 3337 364 3404 τέρας
384 3341 440 3408 ηδη
458 3340 497 3407 Μ]
583 3331 772 3408 impet„
791 3332 968 3422 ἤδηεφιιιιίι.
1036 3336 1146 3393 220ίῦ
1194 3397 1196 3410 f

140 3410 178 3478 τῷ
196 3411 284 3463 λίθον
302 3408 381 3476 Oob.]
404 3409 455 3462 τόν
475 3408 562 3460 λίθον
647 3411 680 3460 23
703 3405 759 3460 τῶν
782 3403 946 3474 ίπταμενων
967 3401 1146 3472 όρνίθωνΙ,
1192 3428 1195 3447 ·

140 3478 177 3530 τῶ
201 3517 275 3530 .....
298 3471 428 3543 ὀρνίθων
445 3477 480 3541 V,
498 3475 555 3529 τῶν
572 3467 701 3540 ὀρνίθων
719 3492 744 3532 v.
781 3476 885 3542 Scripsi
903 3474 942 3545 τῷ
960 3474 1096 3529 Cobetnm
1111 3484 1154 3541 ιιι,
1190 3540 1193 3551 Ι

140 3554 219 3597 cutus
