2392 3960
368 155 810 221 οοσυινεουωεοεοοεε).
1032 146 1097 220 413

83 286 186 353 τικῶν
214 284 438 372 ἐπεμνήσθην,
466 286 569 353 πλέον
587 279 607 372 ή
625 291 816 374 τριακοσίας
843 281 1097 372 ὑπαγαγόμενος
1146 328 1149 340 ι

82 391 205 476 πόλεις,
234 386 371 478 ἀνδρῶν
399 390 436 459 δὲ
464 387 527 459 οὐκ
546 390 707 472 ἐλάσσους
733 386 755 478 ή
779 396 951 472 διακοσίας
978 389 1096 479 μυριά-

85 501 153 576 δας.
200 494 309 570 ὅντων
341 495 378 564 δὲ
405 497 533 566 τούτων
561 524 618 584 μοι
644 497 808 567 τοιούτων
836 503 959 588 ἔργων,
988 500 1136 570 έκεῖνοΒ

84 610 195 691 μεῖζον
222 594 265 690 ἦν
293 603 349 671 καὶ
366 601 629 693 ,τολμηρότερον
666 606 771 693 ἐχρήν
789 604 854 692 γάρ
881 631 920 693 με
939 605 993 672 καὶ
1012 601 1097 691 πρὸς
1161 662 1167 670 .

55 706 210 790 εαύτοὺς
238 714 494 795 διαγωνίζεσθαι
520 707 601 791 τοὺς
627 712 842 792 πολίταςκαὶ
868 717 1002 800 κρατεῖν
1028 712 1097 777 τῶν

84 813 222 903 ἀμάχων
258 817 315 883 καὶ
351 813 518 904 ἀνικήτων
546 811 725 905 Ῥωμαίων.
775 825 839 886 είτε
876 809 939 886 οὖν
975 815 1096 903 πλήθει

84 949 134 1002 τις
161 928 267 1011 κρίνει
295 922 520 1010 παρατάξεων,
547 924 618 1012 τρὶς
640 923 836 1004 τοσαυτάκις
853 921 1096 1011 παρεταξάμήν,

84 1025 201 1108 ὁσάκις
237 1023 321 1117 ὑπὲρ
356 1025 576 1118 Ἀλεξάνδρου
613 1029 839 1117 κομπάζουσιν
877 1031 913 1098 οί
945 1027 985 1098 τά
1021 1029 1096 1116 περὶ

84 1131 203 1202 αὐτοῦ·
220 1137 506 1222 σεμνοποιοῦντες,
534 1144 599 1206 εἴτε
625 1135 747 1224 πλήθει
773 1136 904 1206 πόλεων
931 1133 1096 1224 αίχμαλῶ-

45 1273 70 1312 ιο
83 1269 167 1327 των,
201 1237 242 1310 οὐ
273 1243 331 1329 τής
355 1237 466 1322 ’Λσίας
491 1241 614 1329 μόνον,
647 1238 730 1311 άλλά
757 1243 813 1311 καὶ
844 1245 903 1330 τής
929 1238 1135 1331 Εὐρῶπηςῦ

83 1345 124 1415 τά
161 1356 297 1416 πλείστα
337 1347 616 1436 κατεστρεψάμην.
668 1345 880 1438 Ἀλέξανδρος
921 1346 1097 1434 Αἴγυπτον

84 1457 243 1542 περιῆλθε
269 1456 422 1544 θεωρῶν,
450 1452 514 1541 έγῶ
534 1454 571 1524 δὲ
590 1454 758 1544 συμπόσια
778 1457 977 1544 συγκροτῶν
1004 1481 1096 1523 κατε·
1135 1512 1140 1517 .

84 1562 263 1648 πολέμήσα.
303 1558 366 1648 τήν
393 1560 430 1629 δὲ
457 1559 537 1648 μετά
564 1559 602 1631 τὸ
630 1565 792 1651 κρατήσαι
818 1561 988 1651 πραότητα
1016 1559 1097 1648 βοά·
1176 1616 1180 1622 .

84 1675 185 1735 λεσθε
221 1666 369 1747 ἐξετάσαι
405 1665 466 1755 τήν
502 1664 581 1757 παρ’
622 1668 783 1758 ἑκατέρω,
826 1666 889 1754 ε’γῶ
915 1669 987 1736 καὶ
1028 1681 1098 1747 τοῖς

46 1804 71 1844 ιτ
85 1776 254 1861 πολεμίοις
286 1774 477 1859 συνέγνων·
510 1778 642 1843 έπαθον
673 1777 759 1860 γοῦν
795 1769 853 1842 ὑπ’
889 1770 1002 1842 αὐτῶν
1034 1770 1098 1841 ὅσα

85 1881 221 1967 ἐμέλησε
257 1883 296 1968 τή
329 1885 438 1968 Δίκῃ·
476 1874 493 1947 ὃ
527 1879 564 1948 δὲ
599 1877 683 1970 πρὸς
714 1894 785 1961 τοίς
816 1887 984 1967 πολεμίοις
1017 1876 1121 1948 οὐδὲ,

84 1989 153 2053 τῶν
185 1991 295 2072 φίλων
327 1982 494 2074 άπέσχετο.
540 1992 588 2055 έτι
620 1977 684 2056 οὖν
715 2013 772 2074 μοι
804 1987 878 2074 περὶ
909 1988 978 2054 τῶν
1009 2010 1097 2074 πρω-
1116 2002 1161 2056 D'

85 2099 183 2160 τείων
216 2089 438 2180 ἀμφισβητεῖν
475 2086 546 2173 οἷός
576 2118 611 2162 τε
647 2098 726 2182 ἔσχγς
758 2093 814 2161 καὶ
852 2088 915 2161 οὐκ
951 2079 1098 2161 αὐτόθεν
1129 2112 1130 2115 ’

86 2201 142 2266 καὶ
175 2196 217 2266 σὺ
253 2198 504 2289 παραχωρήσας
535 2197 616 2286 μετά
647 2202 715 2269 τῶν
743 2196 869 2284 άλλων,
887 2193 984 2284 Ἰάλλά
1016 2194 1097 2266 άνα-

46 2337 72 2376 εο
87 2304 219 2390 γκάσεις
251 2333 289 2392 με
322 2306 447 2392 λέγειν,
480 2303 569 2386 ὅπως
602 2303 683 2394 (σὺ)
715 2304 777 2393 μὲν
814 2303 941 2394 ἐχρήσω
973 2307 1099 2393 πικρῶς

89 2418 264 2499 Θηβαίοις,
297 2409 362 2498 έγῶ
391 2411 428 2480 θὲ
460 2425 530 2493 τοῖς
557 2407 735 2500 Ἑλβετίοις
763 2409 1026 2500 φιλανθρώπωςς
1055 2408 1098 2479 σὺ

86 2518 147 2605 μὲν
176 2517 239 2607 γάρ
268 2520 404 2588 ἐκείνων
431 2520 636 2600 κατέκαυσας
662 2515 720 2600 τάς
746 2516 869 2604 πόλεις,
897 2513 962 2604 έγῶ
985 2514 1099 2597 δὲτὰς
1160 2536 1163 2540 ·

86 2620 153 2693 ὑπὸ
191 2628 259 2692 τῶν
296 2630 430 2693 οἰκείων
461 2627 608 2694 πολιτῶν
640 2624 850 2713 κακανμένας
880 2623 990 2706 πόλεις
1023 2619 1098 2692 άνέ-

86 2751 199 2817 στησα.
254 2738 362 2800 καίτοι
402 2738 438 2799 τί
478 2734 641 2801 τοσοῦτον
687 2722 730 2819 ήν
776 2737 907 2820 μυρίων
944 2733 1099 2820 Γραικῶν

173 2993 188 3040 3
207 2985 295 3057 ἔργων
314 2988 383 3056 VM]
402 2988 458 3040 τῶν
477 2985 567 3058 ἔργων
647 2993 679 3040 12
696 2988 838 3055 περιήλθε
856 2986 936 3068 Ορλκ]
954 2986 1097 3054 παρῆλθε.

86 3059 183 3108 Malim
202 3051 322 3137 ἐπῆλθε.
354 3058 559 3111 cf.8A10⁷B
610 3049 662 3109 ’15
679 3056 750 3124 γοῦν
768 3056 837 3137 XM]
858 3073 915 3109 ουν
953 3060 1010 3135 τ17
1029 3051 1099 3109 άπὲ·

87 3140 170 3192 σχετο
190 3122 264 3192 libri]
284 3124 421 3190 απείχετο
453 3127 457 3188 Ι
490 3120 532 3177 ἔτι
550 3123 618 3191 VM]
638 3125 668 3177 τί
682 3127 761 3191 Aug„
781 3141 861 3177 στιν
892 3127 897 3188 l
930 3140 983 3175 ουν
1023 3139 1097 3175 οιπ.

87 3211 111 3273 τ.
136 3189 276 3269 ⁷²9·,VM]
309 3179 361 3244 οὖν
380 3209 590 3274 πταρμοί
629 3255 637 3275 r
677 3195 709 3245 19
735 3191 785 3245 καλ
807 3183 844 3272 σή
866 3141 1096 3272 ῨΜΔογήσήή

87 3258 701 3396 ἔῖαάήῖἕῖἓὲιῖήήλῗὲ“]ιέαῖήῗζὲἒῗι
719 3263 796 3393 ρεέθ
810 3275 853 3381 ἕλ
867 3259 1100 3394 Ἓλςῌῖΐῖῗῖἒῗ

86 3413 202 3456 παυσας
225 3398 307 3458 Bav.,
332 3401 360 3446 et
382 3396 433 3447 hoc
460 3346 591 3476 hgbuisge
613 3396 724 3448 videtur
745 3366 807 3461 VT'l
839 3366 891 3456 τάς
913 3365 1021 3474 πάλχις]
1045 3386 1098 3474 τήν

85 3461 175 3545 πόλιχ
196 3464 222 3514 Η
309 3467 342 3514 24
369 3462 465 3515 καίτοι
486 3482 504 3530 η
528 3463 558 3515 τί
578 3463 676 3530 spanh.
713 3464 809 3515 Malim
831 3464 927 3515 καίτοι
950 3478 1012 3513 ουτι
1032 3479 1099 3520 ταν·

85 3550 137 3584 τον
155 3550 192 3599 ην
