2392 3960
34 43 134 103 ..τ-’ν’

492 171 629 223 οεετιο
648 171 683 225 11.
1037 171 1097 234 111

79 312 187 369 νωνεῖ
216 297 277 386 μὲν
309 295 413 368 ἀπασι
444 301 513 366 τῶν
539 297 669 384 πόνων,
706 299 762 366 καὶ
794 303 881 385 ἔχειν
914 301 951 367 ἐν
984 295 1099 380 αὐτοῖς

79 403 117 474 τὸ
151 407 255 474 πλέον
288 402 390 491 ἀξιοῖ,
422 409 623 491 μεταδίδωσι
651 403 688 472 δὲ
721 406 861 484 ἐκείνοις
887 407 955 474 τῶν
982 406 1097 474 κινδύ-

79 538 153 581 νων
181 509 221 579 τά
250 516 392 597 ἔπαθλα,
420 517 547 599 χαίρων
574 512 629 579 καλ
649 506 803 640 γεγηθῶς
831 507 904 578 ούτι
921 513 968 604 τῶ
995 514 1098 581 πλέον

81 624 172 706 ἔχειν
198 620 267 686 τῶν
295 615 406 686 ἀλλων
432 623 575 705 χρυσίον
601 613 694 686 καῖ’
676 616 840 707 αργύριον
866 619 922 686 καὶ
944 579 1099 699 ἐπαύλεις

51 723 196 815 εαόσμφ
224 731 401 793 πολυτελεῖ
424 725 740 811 κατεσκευασμένας,
768 710 850 792 ἀλλά
878 726 924 814 τῷ
952 721 1096 805 πολλούς
1115 740 1141 794 D

80 821 208 918 μὲν
170 857 210 898 ευ
236 845 347 900 ποιεῖν
374 829 555 916 δύνασθαι,
583 836 777 919 χαρίζεσθαι
805 826 887 897 δέ“
865 850 989 899 απασιν
1017 828 1098 899 ὅτου

80 932 124 1005 ἀν
153 937 300 1024 τύχωσιν
328 939 452 1017 ἐνδεεῖς
479 934 586 1017 ὄντες·
617 936 747 1005 τούτων
775 931 880 1005 αὑτὸν
907 933 927 1004 ὅ
954 963 992 1022 γε
1020 933 1097 1023 ἀλη-

80 1042 181 1123 θινὸς
213 1040 303 1123 ἀξιοῖ
336 1042 501 1135 βασιλεύς.
547 1042 724 1130 φιλόπολις
759 1042 798 1110 δὲ
835 1037 883 1110 ῶν
914 1043 970 1111 καὶ
1003 1051 1098 1130 φιλο-

81 1148 287 1239 στρατιώτης
313 1152 381 1218 τῶν
413 1176 474 1236 μεν
502 1148 654 1238 καθάπερ
686 1146 808 1236 νομεύς
835 1154 1002 1236 ποιμνίων
1029 1151 1097 1218 ἐπι-

39 1285 67 1325 ιο
81 1263 239 1344 μελεῖται,
271 1258 429 1347 προνοῶν
461 1252 552 1336 ὅπως
580 1251 623 1323 ἀν
651 1251 741 1347 αύτῷ
773 1254 883 1343 θάλλη
910 1256 966 1324 καὶ
995 1251 1097 1342 εύθη-

80 1364 179 1449 νῆται
207 1359 247 1430 τά
265 1364 441 1452 θρέμματα
460 1365 624 1443 δαψιλοῦς
649 1363 705 1430 αα]
725 1357 895 1452 ἀταράχου
917 1364 975 1448 της
993 1363 1098 1448 νομῆς

81 1468 343 1556 ἐμπιμπλάμενα,
371 1467 451 1550 τοὺς
480 1467 517 1537 δέ
545 1469 650 1558 ἐφορᾷ
678 1469 734 1537 καὶ
758 1469 900 1555 συνέχει,
928 1465 1012 1556 πρὸς
1039 1464 1098 1535 άν-

80 1578 200 1662 δρείαν
226 1576 282 1643 καὶ
310 1574 428 1663 ρῶμην
459 1576 515 1644 καὶ
542 1575 712 1664 πραότητα
740 1575 917 1662 γυμνάζων
944 1572 1097 1661 καθάπερ

82 1679 251 1761 σκύλακας
277 1677 416 1768 εὐφυεῖς
446 1682 502 1749 καὶ
529 1686 709 1767 γενναίους
735 1684 793 1768 της
820 1687 964 1768 ποίμνης
991 1679 1095 1768 φύλα·
1116 1702 1151 1752 87

43 1813 157 1873 τινας,
190 1792 299 1876 ἔργων
329 1815 365 1856 τε
398 1784 487 1879 αὑτῶ
521 1785 709 1868 κοινωνούς
739 1789 794 1856 καὶ
828 1787 1027 1877 ἐπικούρους
1052 1789 1098 1877 τῷ

80 1892 205 1981 πλήθει
236 1900 395 1981 νομίζων,
429 1890 500 1963 ἀλλ’
535 1891 611 1981 οὐχ]
648 1890 859 1983 ἀρπακτηράς
890 1920 983 1974 τινας
1019 1889 1099 1961 οὐδὲ
1186 1908 1189 1915 ’

81 2003 256 2086 λυμεῶνας
287 2004 355 2068 τῶν
386 2006 552 2088 ποιμνίων
584 2000 736 2088 καθάπερ
769 2005 804 2068 οἱ
834 2000 929 2068 λύκοι
956 2000 1012 2067 καλ
1039 2026 1098 2067 κυ-

80 2107 154 2173 νῶν
191 2110 228 2174 oc
262 2107 480 2193 φαυλότατοι,
519 2106 591 2196 (οἳ)
628 2109 687 2193 της
723 2101 836 2174 αὑτῶν
872 2106 1006 2193 φύσεως
1042 2105 1099 2173 καὶ

80 2213 210 2300 τροφῆς
241 2212 479 2301 ἐπιλαθόμενοι
511 2209 585 2281 άντλ
623 2211 783 2302 σωτήρων
815 2212 871 2280 καὶ
908 2236 1097 2299 προαγωνι-

40 2320 172 2387 τοστῶν
200 2314 416 2407 ἀνεφάνησαν
444 2316 540 2387 αὐτοὶ
568 2318 763 2408 δηλήμονες·
792 2315 872 2388 ούδδ
899 2315 966 2405 μὴν
992 2313 1098 2403 ὑπνη-
1129 2329 1132 2335 ’

80 2423 164 2506 λοὺς
191 2421 339 2506 ἀνέξεται
367 2424 454 2494 εἶναι
480 2427 536 2494 καὶ
556 2422 682 2515 ἀργοὺς
708 2427 764 2494 καὶ
783 2422 980 2511 ἀπολέμους,
1009 2420 1098 2502 ὅπως

82 2527 126 2600 ἀν
158 2528 203 2619 μὴ
238 2531 399 2625 φυλάκων
431 2534 553 2622 ἑτέρωυ
586 2536 621 2601 οί
651 2531 797 2621 φρουροὶ
831 2532 986 2617 δίωνται,
1018 2526 1096 2597 ἀλλ’

82 2635 165 2707 οάδέ
203 2635 353 2719 ἀπειθεῖς
389 2635 567 2729 ἀρχουσιν,
600 2635 698 2719 είδῶς
734 2635 786 2706 ὅτι
821 2639 920 2706 τούτο
957 2635 1134 2724 μάλισταΒ

82 2744 235 2831 πάντων,
273 2750 342 2813 ἔστι
370 2744 407 2815 δέ
440 2742 526 2814 ὅπου
553 2731 609 2814 καλ
642 2744 749 2832 μόνον
777 2741 904 2832 ἀπόχρη
933 2742 1099 2831 σωτήριον

47 2878 73 2920 ιε
86 2850 289 2939 ἐπιτήδευμα
316 2848 400 2939 πρὸς
426 2852 586 2940 πόλεμον·
614 2851 730 2920 πόνων
758 2851 796 2919 δὲ
822 2846 980 2919 ἀπάντων
1008 2851 1099 2918 ἐνδε-

84 2972 131 3038 εῖς
158 2959 215 3025 καὶ
248 2955 469 3045 ἀτεράμονας,
502 2956 576 3027 οὔτι
603 2957 780 3048 ῥᾳθύμους
813 2956 1003 3047 ἐργάσεται,
1030 2957 1098 3023 ἐπι-

153 3213 169 3262 5
192 3212 349 3265 πολυτελεῖ
363 3213 387 3263 V
409 3210 520 3279 ερευλι]
543 3213 713 3271 πολυτελεις
739 3211 743 3274 Ι
770 3211 809 3262 τῶ
827 3210 862 3278 V]
881 3202 913 3263 τὸ
983 3204 1099 3291 8φιλό·

85 3275 185 3344 πολις]
205 3279 404 3361 φιλοπολίτης
416 3281 442 3330 Η
512 3284 544 3331 12
567 3272 791 3360 ἐμπιμπλάμενοι
811 3279 852 3346 Η]
872 3271 1098 3351 ἐμπιπλάμενα]

86 3344 172 3414 ουνέγ
155 3348 241 3432 mv
315 3351 347 3400 15
370 3342 448 3400 αὑτῶ
472 3344 517 3415 Η]
543 3339 621 3429 αὐτῷ
699 3350 732 3398 17
755 3345 812 3397 τῶν
833 3346 974 3414 ποιμνίων
990 3342 1036 3427 V]
1059 3360 1097 3411 τφ

85 3431 209 3497 ποιμνιφ
280 3418 312 3468 18
334 3412 362 3468 οι
386 3399 447 3467 αδδ.
470 3416 497 3466 H
529 3415 534 3480 ]
567 3407 661 3469 αύτῶν
682 3413 719 3482 H]
743 3406 839 3467 αύτῶν
883 3365 940 3465 μλθ
963 3407 1083 3464 οάδέΗ
1059 3395 1098 3475 Η]

85 3476 172 3603 ογΞτε
202 3486 269 3606 Βλῗ(
279 3483 373 3535 Malim
396 3487 456 3544 τοῖς
480 3476 618 3551 άρχουσιν
686 3487 720 3535 λθ
743 3476 865 3548 ἐνδεεις]
889 3472 1039 3539 ἀνενδεεῖς
1057 3478 1100 3529 vel

86 3568 104 3602 α
127 3555 184 3612 εεις
228 3567 240 3602 s
