2392 3960
109 149 172 213 382
414 149 557 200 IULlANI
574 144 823 198 ιΜΡιιειενοιιιε

110 275 141 346 δ’
173 273 245 368 (ἀν)
274 276 422 363 ἐξελέγχῃ
449 303 509 360 τις,
536 273 580 362 μὴ
610 271 784 361 ἀτιμάζειν.
827 267 909 340 οῦδέ
934 269 1001 361 γάρ
1030 267 1125 340 εῦλο·

70 398 171 469 Ογον
204 382 464 468 ἐπιλαβομένους
494 381 617 468 ταύτης
647 383 704 467 τῆς
736 376 891 466 ἀφορμῆς
918 375 960 447 ού
992 379 1126 447 τούτων

108 489 225 577 μόνον,
254 485 336 556 ἀλλδι
363 488 505 555 καὶτῶν
533 490 729 574 ἐπιτηδείων
746 487 908 572 τιμᾶσθαι
933 481 999 574 την
1026 481 1125 573 τιμὴν

108 604 425 684 προσαφαιρεῑσθαι.
472 599 554 662 ἐστω
587 600 705 661 τοίνυν
734 588 844 679 ὥσπερ
877 588 1006 681 άρχων,
1036 588 1124 660 οὕτω

109 701 146 769 δέ
177 701 233 769 καί
266 697 373 789 ίερεῦς
404 702 468 780 πᾶς
499 702 685 786 αι’δέσιμος,
718 695 831 785 ἐπειδὴ
863 698 919 766 καλ
952 694 1148 786 ἀπόφασίςε

54 790 59 806 ι
109 808 177 874 ἐστι
203 809 289 874 θεοῦ
316 809 377 874 τοῦ
405 811 600 893 Διδυμαίου
627 805 777 892 τοιαύτη·

180 927 299 998 Ὅσσοι
326 914 360 1010 ἐς
387 927 554 1019 ἀρητῆρος
582 927 805 1016 ἀτασθαλίῃσι
832 927 927 997 νόοιο

184 1034 379 1104 Ἀθανάτων
407 1033 536 1124 ρἐονσ’
567 1033 753 1124 ἀποφώλια,
780 1037 836 1104 καλ
864 1032 1047 1122 γεράεσσιν

64 1157 87 1214 D
184 1138 293 1209 Ἀντία
321 1141 544 1228 βουλεύουσιν
572 1139 790 1211 ἀδεισιθέοισι
817 1150 1007 1228 λογισμοῖς,

190 1245 316 1316 ούκέθ’
346 1244 429 1335 ὅλην
456 1246 584 1335 βιότοιο
614 1248 852 1336 διεκπερόωσιν
879 1243 1045 1336 ἀταρπόν,
1138 1277 1160 1317 ιο

179 1350 297 1422 ’Όσσοι
323 1379 385 1444 περ
412 1353 617 1443 μακάρεσσιν
645 1354 854 1442 ἐλωβήσαντο
882 1363 1030 1439 θεοῖσιν,

182 1451 245 1526 Ὧν
272 1474 377 1528 κεῖνοι
403 1460 591 1529 θεόσεπτον
618 1463 695 1529 ἕλον
722 1463 912 1548 θεραπηίδα
938 1458 1054 1547 τιμήν,

54 1584 167 1656 νεεκαὶ
195 1582 296 1651 πάλιν
323 1585 360 1651 ἐν
388 1581 500 1664 ἀλλοις
528 1580 545 1652 ὁ
574 1584 659 1666 θεός·
681 1605 766 1672 φησι

187 1706 323 1787 Πάντας
336 1705 397 1794 μέν
410 1707 621 1797 θεράποντας
635 1707 734 1796 ἐμοὺς
748 1703 847 1796 όλοῆς
860 1704 1047 1795 κακότητος
1065 1746 1124 1795 -,

106 1836 165 1897 καί
199 1848 304 1917 φησιν
345 1825 429 1919 ῦπέρ
469 1831 600 1900 τούτων
642 1836 740 1920 δίκην
780 1829 955 1919 ἐπιθήσειν
996 1826 1122 1913 αὐτοῖς.
1135 1860 1158 1902 ιι

106 1938 239 2004 πολλῶν
267 1935 304 2004 δέ
332 1939 516 2026 εἰρημένων
543 1938 706 2006 τοιούτων
737 1935 827 2027 παρά
853 1939 915 2005 τοῦ
941 1939 1048 2025 θεοῦ,
1075 1933 1122 2006 δι’

108 2034 155 2110 οἷν
183 2047 291 2110 ἐνεστι
317 2042 490 2131 μαθόντας
508 2041 597 2126 ὅπως
623 2042 695 2139 χρὴ,
708 2047 807 2133 τιμάν
834 2044 890 2112 καὶ
916 2043 1124 2133 θεραπεύειν

106 2147 185 2230 τοὺς
214 2147 335 2238 ίερέας,
369 2149 539 2239 εἰρήσεταί
562 2177 619 2237 μοι
652 2147 708 2218 διά
735 2149 901 2219 πλειόνων
928 2151 966 2218 ἐν
993 2146 1122 2231 ἀλλοις·

106 2250 234 2345 ἀπόχρη
268 2254 306 2323 δὲ
337 2259 418 2342 νῦν,
455 2253 506 2324 ότι
538 2255 582 2345 μη
616 2255 773 2344 σχεδιάζω
805 2256 926 2344 μηδέν,
959 2257 1123 2338 ἐπιδείξαι

65 2390 88 2445 Β
106 2361 168 2449 τήν
194 2389 230 2430 τε
257 2364 293 2429 ἐκ
319 2365 382 2430 τοῦ
408 2364 494 2431 θεοῦ
511 2363 699 2452 πρόρρησιν
721 2364 777 2432 καλ
804 2359 842 2431 τὸ
871 2364 1036 2450 ἐπίταγμα
1054 2364 1123 2431 τῶν
1135 2392 1159 2433 τι

106 2465 212 2536 αύτοῦ
244 2467 354 2554 λόγων
392 2466 510 2537 ίκανδν
546 2465 741 2556 ἡγούμενος.
792 2478 825 2537 εί
852 2494 902 2550 τις
932 2458 997 2537 οῦν
1022 2464 1122 2568 ,ἀξιό-

104 2593 223 2642 πιστον
264 2568 449 2661 ῦπείληφεν
495 2574 551 2662 ἐμέ
592 2574 796 2644 διδάσκαλον
836 2577 904 2643 τῶν
943 2574 1124 2663 τοιούτων,

105 2681 276 2760 αἰδεσθεὶς
301 2677 363 2748 τδν
381 2679 465 2750 θεὸν
485 2682 599 2774 ἐκείνῳ
627 2683 799 2750 πειθέσθω
818 2682 875 2750 καὶ
902 2677 982 2761 τοῦς
1010 2682 1123 2772 ίερέας

104 2789 171 2854 τῶν
207 2788 300 2855 θεῦν
336 2786 460 2874 τιμάτω
498 2786 743 2878 διαφερόντως·
781 2782 900 2856 ὁποῖον
938 2785 977 2855 δέ
1012 2782 1123 2857 αῦτδν

105 2890 191 2960 εἶναι
222 2891 299 2982 χρή,
331 2893 530 2983 πειράσομαι
561 2896 627 2962 νῦν
663 2898 784 2980 εἰπεῖν,
817 2889 878 2981 ούχ
910 2894 1007 2961 ἕνεκα
1041 2886 1122 2963 σοῦ·
1134 2921 1160 2965 ιε

103 3107 165 3172 τοῦ
193 3103 483 3192 καθηγεμόνος,”
462 3134 529 3194 αμα
548 3105 649 3174 δέ
603 3133 671 3175 των
689 3112 854 3194 μεγίστων
871 3107 965 3174 θεάν
991 3132 1122 3198 μαρτυ·

173 3300 266 3361 115⁹
255 3302 292 3361 ἀν
309 3305 399 3387 Η]δδ
432 3303 482 3376 Ιέ
484 3309 614 3378 ξελέγγη]
633 3306 751 3365 Immo}
753 3310 800 3376 ξελ
753 3305 871 3380 ξέγξη
937 3306 1122 3377 θηρᾶσθαι

104 3381 130 3429 Η
149 3384 177 3429 et
195 3375 271 3458 Cob.]
295 3374 440 3446 τιμᾶσθαι
458 3375 508 3430 καί
561 3383 644 3432 7-12
662 3381 748 3431 Iidem
766 3395 864 3433 versus
881 3379 908 3431 le
947 3382 1014 3431 ntur
1030 3380 1123 3433 MA

106 3449 135 3496 11
162 3441 321 3513 μακάρεσιν
347 3451 425 3529 pet.
487 3449 520 3497 14
544 3441 640 3516 πάντη
658 3448 683 3499 V
769 3451 802 3500 19
824 3464 875 3528 μη
853 3395 960 3516 vrgo
960 3440 1016 3516 ηδὲ
1086 3448 1122 3501 25

105 3531 190 3566 ενεκα
208 3515 260 3566 σοῦ
279 3508 425 3580 spanh.]‘'
410 3508 495 3567 ενειιά
514 3530 566 3566 σου
634 3519 667 3568 26
684 3515 773 3568 τανῦν
790 3513 827 3582 V]
845 3508 907 3568 τό..
1019 3538 1026 3551 =
