2392 3960
127 150 168 214 10
428 150 572 204 IULIANI
594 150 842 202 IMPERATORIS

126 277 373 367 ἐπιγράμματος
401 277 542 362 ἐγάνυτο
571 279 673 346 πλέον
700 273 720 365 ή
749 281 817 347 τῶν
845 284 1010 366 μεγίστων
1036 282 1143 367 τιμῶν

86 381 290 466 Βάξιωθείς.
327 380 545 473 ἀμειβόμενος
564 384 601 453 δέ
621 380 673 452 ἐπ’
705 381 789 473 αὐτή
807 382 869 472 τήν
887 385 996 472 πόλιν,
1023 389 1142 475 πυρῶν

35 488 38 495 ’
125 496 307 579 μεδίμνους
344 495 465 558 δίδωσι
501 490 658 570 πολλάκις
700 497 843 581 μυρίους
879 488 959 560 καθ’
1000 493 1142 560 ἕκαστον

126 603 198 678 ἔτος
226 594 357 685 δωρεάν
384 600 609 687 καρποῦσθαι,
638 597 670 677 ἐξ
691 588 739 664 ῶν
757 593 883 685 ὑπήρχε
910 601 950 686 τῇ
969 597 1062 666 πόλει
1081 598 1143 686 μὲν

126 705 163 771 ἐν
191 699 359 791 ἀφθόνοις
386 700 483 789 εἶναι,
512 705 626 794 ἐκείνφ
651 702 687 771 δέ
710 709 841 772 ε”παινοι
868 706 924 773 καὶ
943 706 1034 791 τιμαί
1052 702 1171 795 παράτ

126 811 195 877 τῶν
221 816 411 897 βελτίστων.

205 919 350 984 Πολλῶν
383 914 419 984 δὲ
447 917 502 983 καὶ
530 918 642 983 καλῶν
675 921 782 1004 ἐργων
814 919 860 1008 τῶ
894 917 992 1007 πατρί
1019 919 1065 1007 τῶ
1094 919 1143 1008 σῷ

21 1081 32 1091 .
125 1023 357 1110 πραχθέντων,
386 1013 434 1089 ῶν
461 1048 496 1088 τε
524 1021 738 1109 ἐπεμνήσθην
766 1024 821 1090 καὶ
841 1019 904 1091 ὅσα
932 1020 988 1092 διά
1016 1019 1055 1090 τὸ
1082 1025 1143 1110 μή·

125 1155 183 1208 κος
209 1136 409 1216 παραλιπεῖν
438 1130 542 1213 δοκῶ,
575 1127 711 1196 πάντων
739 1125 877 1216 άριστον
905 1135 1009 1216 ἔγωγε
1037 1134 1143 1216 φαίην

84 1231 180 1315 πάν,
209 1231 301 1320 οἶμαι
330 1232 366 1302 δὲ
394 1235 450 1301 καὶ
477 1232 557 1314 τοὺς
584 1230 707 1314 άλλους
734 1232 882 1315 ἅπαντας
910 1231 1143 1323 ὁμολογήσειν,
1158 1267 1185 1307 ιο

125 1337 187 1426 τήν
221 1337 285 1427 σήν
322 1341 453 1424 γένεσιν
484 1341 540 1408 καί
576 1338 708 1429 τροφήν
739 1342 795 1409 καὶ
831 1347 1000 1409 παιδείαν
1038 1342 1071 1421 ἐξ
1104 1331 1167 1427 ής4

125 1441 266 1534 ὑπάρχει
299 1460 369 1525 τοῖς
401 1455 529 1526 λοιποῖς
557 1443 599 1514 οὐ
627 1443 665 1514 τδ
693 1443 777 1536 πρὸς
809 1444 926 1534 ὀλίγον
954 1444 1144 1516 ἀπολαῦσαι

125 1554 183 1638 τής
211 1550 347 1639 άρίστης
366 1547 478 1640 άρχής,
506 1549 574 1620 ἀλλ’
605 1547 649 1632 ῶς
668 1547 742 1622 οἷόν
760 1555 798 1621 τέ
819 1555 909 1621 ἐστιν
932 1558 978 1634 είς
1005 1557 1144 1621 πλείονα

125 1656 259 1745 χρόνον.
288 1663 382 1725 δοκεῖ
406 1660 492 1743 γοῦν
520 1655 634 1745 άρχειν
661 1660 787 1738 ἐκεῖνος
815 1660 922 1726 είσέτι.
959 1659 1015 1727 καὶ
1038 1657 1143 1750 Κόρην

126 1762 187 1849 μὲν
220 1759 282 1849 οὐχ
313 1757 440 1850 ὑπήρχε
473 1765 582 1830 τοῦτο.
627 1762 884 1850 τελευτήσαντος
916 1762 981 1853 γάρ
1015 1759 1032 1832 ὁ
1065 1779 1144 1845 παῖς
1158 1795 1183 1836 15

127 1866 230 1956 ῶφθη
250 1871 363 1959 μακρῷ
393 1868 608 1957 φαυλότερος,
638 1865 720 1937 ῶστε
740 1865 757 1938 ὁ
778 1869 838 1957 μὲν
858 1872 1004 1939 ἐκαλεῖτο
1023 1870 1143 1958 πατήρ,

84 1970 146 2054 Βδ
180 1974 217 2043 δὲ
249 1974 473 2061 ἐπωνομάσθη
508 1974 678 2062 δεσπότης.
725 1975 762 2044 σέ
795 1977 833 2045 δέ
863 1977 1049 2068 πραότερον
1082 1976 1144 2064 μὲν

125 2082 187 2150 τοῦ
216 2080 340 2169 πατρὸς
372 2082 427 2149 καὶ
456 2083 492 2149 ἐν
520 2078 633 2162 άλλοις
665 2090 799 2162 πολλοῖς
826 2089 998 2171 κρείττονα
1027 2085 1144 2171 σαφῶς

127 2179 165 2255 εὖ
198 2185 289 2272 οἶδα,
320 2187 376 2254 καί
410 2186 550 2275 δηλῶσω
583 2189 645 2256 τοῦ
676 2191 796 2278 καιροῦ
829 2191 995 2277 φανέντος
1028 2191 1064 2256 ἐν
1096 2190 1142 2280 τῶ

126 2293 223 2385 λόγῳ.
266 2296 380 2384 ἐκείνφ
408 2293 447 2361 δὲ
473 2293 654 2384 προσήκειν
672 2294 728 2362 καί
755 2294 878 2364 τούτου
897 2301 1018 2382 νομίζω
1047 2321 1143 2382 μετα-
1157 2326 1184 2366 εο

127 2399 222 2468 δόντι
250 2421 304 2467 σοι
335 2402 393 2486 τῆς
421 2396 559 2487 ἀρίστης
586 2403 729 2489 τροφής,
761 2394 845 2488 ὑπὲρ
874 2393 913 2488 ής
939 2399 1005 2488 ήδη
1033 2402 1143 2486 λέγειν

126 2505 339 2593 πειράσομαι,
371 2504 496 2594 μητρὸς
527 2506 583 2574 καί
617 2503 774 2594 άδελφῶν
807 2510 874 2574 τῶν
907 2510 977 2575 σῶν
1006 2509 1142 2595 ε’πιμνη-

126 2618 230 2691 σθείς.
276 2614 315 2700 τή
348 2610 408 2698 μὲν
441 2610 504 2700 γάρ
538 2609 708 2699 εὐγενείας
741 2616 903 2682 τοσοῦτον
935 2616 1054 2703 περιῆν
1086 2614 1143 2681 καί

125 2717 267 2798 κάλλους
295 2716 445 2804 σώματος
472 2721 528 2787 καί
546 2718 680 2809 τρόπων
708 2716 835 2808 άρετής,
864 2717 946 2790 όσον
970 2717 1032 2788 οὐκ
1060 2716 1142 2808 άλλη

125 2826 260 2908 γυναικὶ
297 2827 422 2914 ῥᾳδίως
458 2822 502 2893 άν
533 2852 582 2906 τις
620 2825 755 2914 ἐξεύροι.
806 2828 876 2894 ἐπεὶ
912 2827 968 2895 καί
1000 2827 1143 2914 Περσῶν
1157 2856 1183 2896 25

83 2926 239 3009 ςίικοόω
267 2929 328 2998 τὸν
360 2927 443 3019 ὑπὲρ
471 2931 708 3021 Παρυσάτιδος
733 2931 859 3019 λόγον,
892 2931 942 3001 ὅτι
974 2931 1059 3019 μόνη
1089 2933 1142 3017 γε’-

126 3062 227 3122 γονεν
255 3033 383 3124 άδελφή
412 3038 467 3105 καί
496 3038 602 3128 μήτηρ
630 3040 686 3106 καὶ
705 3038 828 3126 γαμετή
856 3040 911 3108 καί
939 3052 1017 3118 παῖς
1045 3044 1142 3125 βασι-

126 3143 216 3222 λέως.
263 3139 334 3210 ἀλλ’
370 3135 413 3231 ἦν
445 3171 482 3230 γε
520 3142 602 3233 αὕτη
635 3147 697 3213 τοῦ
729 3145 896 3233 γήμαντος
934 3141 1061 3231 ιἰδελφή
1101 3146 1141 3233 τῇ

195 3279 208 3326 1
228 3271 349 3356 ἐγάνυτο
367 3276 489 3344 Samen]
510 3271 651 3358 ἐγάννυτο
704 3283 719 3330 2
739 3272 813 3343 αίτῆ
831 3275 901 3344 VM]
924 3271 1002 3347 αὐτῷ
1055 3281 1071 3330 8
1090 3273 1141 3329 διά

126 3342 159 3410 V]
173 3361 252 3410 παρα
304 3348 320 3395 9
338 3348 514 3412 παραλιπεῖν
527 3339 563 3397 οἶν
577 3346 689 3411 δοκῶλή
706 3343 793 3414 ἐγωγε
808 3347 871 3397 add.
885 3349 909 3397 V
962 3350 993 3398 13
1010 3344 1143 3404 πλείονα]

127 3414 278 3464 πλεῖστονλ
356 3416 388 3463 14
415 3404 515 3480 άρχειν
538 3407 649 3473 ἐκεῖνος
670 3412 708 3482 V]
737 3409 848 3474 ἐκεῖνος
876 3406 977 3479 άρχειν
1050 3416 1082 3464 19
1110 3429 1143 3466 ευ

126 3479 199 3531 delet
217 3483 319 3546 wytt„
345 3474 445 3545 ἐξοιδα
468 3482 584 3533 volebat
608 3481 717 3533 Schaef.
752 3482 807 3533 Sed
828 3483 885 3533 vid.
904 3483 978 3532 idem
1000 3482 1035 3532 ad
1059 3481 1141 3547 Soph.

128 3545 195 3598 Oed.
217 3549 248 3599 0.
267 3549 317 3600 958
369 3551 402 3601 25
420 3547 539 3616 Περσῶν
558 3547 596 3617 V]
615 3548 671 3602 τῶν
690 3548 808 3616 Περσῶν
855 3552 888 3603 28
907 3539 981 3617 αὕτη
1000 3548 1037 3616 H]
1056 3541 1131 3615 αὐτὴ
