2370 3908
124 221 167 287 84
426 216 569 270 IULIANI
590 214 836 266 IMPERATORIS

123 350 193 420 καί
208 349 410 426 πολυτελοῦς
436 346 567 432 πομπῆς
584 345 805 430 πεμπομένης,
832 346 953 421 λίθους
971 341 1008 409 ἐκ
1034 366 1139 428 μηχα-

125 459 196 525 νῶν
223 451 378 542 ἀφιέντες
409 453 465 520 καὶ
492 451 600 531 τόξοις
632 449 812 537 βάλλοντες
839 450 873 529 ἐς
898 444 962 535 τὴν
987 472 1140 534 τειχομα-

126 569 203 650 χίαν
229 560 482 650 προυκαλοῦντο
510 555 590 637 τούς
616 555 817 645 βαρβάρους.
855 553 956 642 φύσει
979 552 1018 623 δέ
1045 549 1143 634 όντες

37 662 40 669 ’
126 675 173 750 εἰς
205 665 311 756 ὀργὴν
343 662 525 755 ὀξύρροπον
556 665 613 732 καὶ
646 660 760 731 δεινὸν
791 661 988 749 ποιούμενοι
1019 657 1058 728 τὸ
1086 661 1142 745 γέ-

126 785 215 844 λωτα
243 771 388 861 όφλῆσαι
415 773 470 841 καί
490 768 675 856 ἀπαγαγεῖν
703 765 808 838 ὀπίσω
835 765 898 856 την
925 763 1170 856 παρασκενηνε

127 880 308 972 άπρακτον,
337 880 595 966 ἐγκελευομένου
623 883 720 964 σφίσι
751 877 813 944 τοῦ
840 875 1011 962 βασιλέως,
1037 892 1143 961 προσ-

126 991 211 1076 ῆγον
247 990 293 1078 τῷ
325 993 426 1074 τείχει
457 986 512 1052 καὶ
545 982 722 1071 ἐβάλλοντο
758 984 895 1062 πυκνῶς
925 994 996 1061 τοῖς
1031 985 1145 1062 λίθοις

74 1118 108 1167 66
126 1097 182 1164 καὶ
214 1108 285 1173 τοίς
315 1091 504 1178 τοξεύμασι·
542 1091 598 1159 καὶ
630 1088 761 1180 ἐτρώθη
797 1091 866 1157 τῶν
897 1092 1030 1176 θηρίων
1066 1084 1144 1156 τινὰ

128 1203 183 1270 καὶ
211 1197 383 1267 άπέθανεν
410 1199 642 1284 είσενεχθέντα
660 1191 727 1265 ὑπὸ
746 1198 805 1283 της
833 1194 934 1275 ίλύος.
971 1198 1145 1276 δείσαντες

128 1305 166 1377 δὲ
193 1307 249 1375 καὶ
276 1301 360 1395 ὑπὲρ
387 1307 456 1373 τῶν
484 1301 594 1372 άλλων
622 1300 754 1391 άπηγον
777 1299 884 1372 ὀπίσω
911 1299 1012 1370 πάλιν
1039 1305 1088 1385 είς
1104 1298 1145 1370 τὸ
1161 1327 1183 1369 τι

129 1411 365 1503 στρατόπεδον.
402 1407 448 1491 τός
474 1410 512 1479 δὲ
530 1411 586 1479 καὶ
603 1411 726 1500 ταύτης
754 1406 993 1500 δΠαρθυαίος
1019 1405 1145 1499 ἥμαρτε

128 1522 187 1607 τῆς
214 1526 339 1607 πείρας,
367 1515 447 1599 τούς
472 1517 608 1599 τοξότας
635 1515 757 1587 διελὼν
774 1523 822 1598 είς
849 1523 969 1607 μοίρας
996 1518 1146 1605 διαδέχε-

131 1633 217 1696 σθαί
241 1653 276 1694 τε
304 1622 468 1714 ἀλλήλους
494 1624 621 1693 κελεύει
648 1626 703 1693 καὶ
732 1626 881 1712 συνεχῶς
907 1623 1043 1711 βάλλειν
1061 1621 1149 1713 πρὸς

129 1731 166 1802 τὸ
195 1735 438 1821 διερρηγμένου
464 1734 525 1800 τοιῖ
543 1737 684 1819 τείχους,
712 1727 757 1812 τός
774 1729 819 1820 μὴ
848 1736 1031 1818 δυνηθεῖεν
1049 1727 1145 1800 άποι·

129 1842 314 1927 κοδομῆσαι
342 1839 397 1907 καὶ
425 1843 512 1925 ἔχειν
540 1834 697 1925 άσφαλῶς
723 1836 785 1927 τὴν
816 1838 930 1907 πόλιν·
963 1834 1052 1906 οὕτω
1080 1835 1183 1928 γάρτι

130 1945 282 2034 αίρήσειυ
309 1942 427 2013 λαθὼν
455 1940 696 2033 ἢβιασάμενος
722 1947 770 2037 τῷ
787 1945 910 2033 πλήθει
936 1942 1017 2025 τοὺς
1043 1950 1149 2014 ἔνδον

90 2050 252 2140 Βῆλπιζ.
302 2051 443 2139 μάταιον
479 2049 543 2140 γάρ
580 2049 752 2140 άπέφηνεν
783 2047 805 2140 ἡ
840 2053 1005 2140 βασιλέως
1039 2044 1149 2142 παρα-

131 2156 233 2246 σκευὴ
262 2161 323 2226 τοῦ
351 2158 527 2247 βαρβάρου
553 2157 591 2228 τὸ
620 2159 796 2246 διανόημα.
832 2157 915 2229 κατά
942 2158 1054 2229 νώτου
1082 2157 1149 2251 γὰρ

130 2269 199 2333 τόν
227 2260 372 2334 ὁπλιτῶν
399 2267 514 2355 ἕτερον
531 2279 639 2352 τεῖχος
665 2265 844 2354 εἰργάζετο·
873 2261 949 2335 ὅδὲ
976 2262 1058 2359 ᾤετο
1077 2280 1150 2348 τοῖς

132 2367 283 2461 ἄρχαίοις
315 2380 442 2458 ἴχνεσιν
475 2373 509 2451 ἐς
539 2368 580 2439 τά
611 2375 751 2460 θεμέλια
786 2374 980 2461 χρωμένους
1015 2374 1183 2461 μέλλεινα

133 2483 188 2546 ἔτι.
234 2473 340 2567 ἡμέρα
372 2476 411 2545 δὲ
442 2474 504 2565 όλη
535 2478 592 2545 καὶ
619 2479 716 2547 νυκτὶ
734 2481 883 2567 συνεχῶς
909 2481 1150 2570 ἐργασαμένων

133 2589 206 2652 ἐστε
234 2584 287 2650 ἐπὶ
314 2584 470 2672 τέτταρας
496 2583 611 2671 πήχεις
633 2582 743 2666 ύύους
767 2581 927 2675 ἠγείρετο,
953 2587 1010 2654 καὶ
1038 2588 1151 2657 ἕωθεν

133 2686 236 2776 ὤφθη
272 2685 425 2776 λαμπρόν
456 2691 512 2758 καὶ
544 2693 718 2779 νεουργές,
756 2695 894 2761 ἐκείνων
926 2689 1007 2762 ούδέ
1039 2689 1150 2784 ἀκαρῆ

132 2794 256 2883 χρόνον
288 2794 509 2883 ἐνδιδόντων,
541 2799 789 2885 διαδεχομένων
821 2798 860 2867 δέ
890 2795 1056 2884 άλλάλονς
1090 2802 1149 2870 καὶ

134 2898 375 2984 ἀκοντιζόντων
408 2905 441 2983 ές
471 2901 553 2984 τοὺς
579 2906 768 2991 ἐφεστῶτας
792 2908 840 2996 τῷ
871 2908 1011 2997 κειμένῳ
1039 2912 1183 2995 τείχεσι

198 3127 214 3172 2
232 3120 283 3175 καλ
302 3115 397 3186 τόξοις
416 3117 571 3189 βάλλοντες
589 3125 684 3175 addidi
702 3142 736 3177 ex
754 3128 779 3178 V
793 3125 798 3190 Ι
814 3119 843 3187 ἐς
860 3125 895 3195 V]
914 3122 956 3188 είς
1025 3132 1041 3179 3
1058 3145 1150 3196 προν-

130 3189 275 3242 κοιλοῦντο
294 3188 331 3274 HJ
349 3189 562 3256 προεκαλοῦντο
622 3190 700 3252 λείς
717 3210 770 3245 om.
789 3195 848 3244 VM
916 3197 1055 3261 δπροσεῖ
1072 3213 1106 3248 ον
1124 3198 1150 3248 V

131 3260 147 3308 9
165 3259 381 3324 κατενεχθεντα
400 3264 448 3309 aut
467 3256 509 3318 είς
527 3253 653 3326 ἄβυσσον
676 3255 838 3327 ἐνεχθέντα
857 3263 923 3314 Rsk.
995 3265 1027 3314 16
1045 3213 1149 3330 finoni-

130 3341 217 3404 μενος
235 3325 309 3390 VM]
328 3321 499 3392 βιασόμενος
562 3331 592 3379 17
611 3319 676 3396 γὰρ]
696 3331 751 3381 Aut
769 3325 803 3381 δὲ
817 3330 989 3381 scribendum
1001 3347 1062 3384 οεεε
1081 3348 1148 3383 con·

127 3395 201 3457 Jeeit
220 3394 280 3446 Pet.
292 3399 348 3472 'aut
366 3395 508 3476 quidpiam
525 3395 637 3476 δεεεριες
662 3398 729 3448 ask.
748 3397 819 3462 legit
842 3387 870 3447 δ’
890 3390 949 3465 άρα
968 3404 1016 3449 aut
1035 3393 1148 3467 ἤλπιζε.

130 3457 234 3526 μάτην.
259 3478 384 3522 ματαιον
406 3479 476 3528 γαρ;
504 3478 555 3514 eo
578 3457 652 3516 αλλά
676 3472 740 3515 anto
760 3457 886 3530 μάταιον
908 3467 1047 3517 excidIsse
1068 3474 1147 3534 puto.

129 3528 174 3578 De
198 3531 340 3580 verborum
363 3533 490 3607 p05itura
513 3523 587 3581 αλλά
611 3527 735 3597 μάταιον
757 3524 812 3599 γάρ
834 3534 890 3590 vid.
907 3535 941 3585 αδ
961 3536 1043 3586 115ss
1112 3538 1148 3589 20

130 3593 229 3658 μέλειν
246 3597 271 3646 V
340 3600 373 3648 22
392 3607 487 3663 υψους
504 3598 538 3665 V]
557 3589 633 3665 ύψος
