2392 3960
10 40 101 89 :ms
116 40 123 51 ¹
153 40 164 61 -·

473 171 607 223 omo
624 173 663 230 11.
1014 172 1075 236 105

61 303 98 369 οί
127 300 265 388 πατέρες
300 295 384 388 ὑπὲρ
421 302 490 368 τῶν
531 301 682 387 γαμετῶν
718 300 774 370 καὶ
817 302 886 368 τῶν
923 299 1074 389 ἐγγόνων

60 409 115 476 ε’πὶ
132 409 173 496 τή
192 412 297 495 κρίσει
326 411 563 493 δειμαίνοντες,
591 402 729 494 ἀτρεκής
752 408 792 475 δέ
808 409 877 475 ἐστι
896 408 951 475 καὶ
971 403 1072 488 άψευ·

60 511 122 601 δής
152 512 273 602 κριτής.
318 508 404 600 ήμάς
436 511 473 581 δέ
506 512 632 595 δεκάζει
664 511 725 600 μὲν
757 515 915 600 πλοῦτος,
949 513 1075 595 δεκάζει

60 619 98 689 δέ
126 617 222 708 ἰσχὺς
249 620 306 688 καὶ
334 615 404 707 ῶρα
432 617 584 706 σῶματος
606 619 662 687 καὶ
690 623 871 688 δυναστεία
897 619 1075 709 προγόνων

31 727 187 808 ιέξωθεν
215 724 458 812 ἐπισκιάζουσα,
485 726 542 794 καί
570 721 632 794 οὐκ
656 726 819 815 ἐπιτρέπει
848 729 967 817 διορᾶν
995 723 1076 796 οὐδὲ

60 829 263 920 ἀποβλέπειν
290 835 323 913 ἐς
349 828 411 919 τήν
429 831 552 920 ψυχήν,
579 823 662 921 ήπερ
691 830 733 919 δή
756 834 825 900 τῶν
853 830 963 901 ἄλλων
983 832 1075 924 ζῴων

60 941 278 1030 διαφέροντες
314 937 448 1020 εἰκότως
485 934 528 1007 άν
564 935 636 1006 κατ’
676 934 758 1006 αὐτὸ
795 936 858 1027 τήν
899 934 982 1028 ὑπὲρ
1018 941 1076 1026 τής

59 1042 231 1132 εὐγενείας
258 1051 439 1133 ποιοίμεθα
457 1050 578 1135 κρίσιν.
618 1051 678 1113 καί
693 1071 749 1134 μοι
773 1046 933 1113 δοκοῦσιν
961 1041 1075 1114 εὐστο-

59 1159 117 1242 χίᾳ
150 1150 283 1240 φύσεως
311 1156 347 1220 οί
375 1151 479 1220 πάλαι
510 1154 689 1240 θαυμαστῇ
717 1149 896 1240 χρεόμενοι,
928 1152 985 1220 καὶ
1012 1148 1119 1221 οόκΒ

18 1294 46 1335 10
60 1262 236 1346 ἐπίκτητον
278 1255 388 1348 ῶσπερ
424 1254 518 1348 ἡμεῖς
558 1263 689 1345 ἔχοντες
723 1256 761 1326 τὸ
804 1272 961 1347 φρονεῖν,
1003 1255 1077 1326 οότι

59 1368 227 1451 πλαστῶς,
260 1361 332 1433 ἀλλ’
368 1361 548 1453 αὐτοφυῶς
580 1367 862 1451 φιλοσοφοῦντες,
889 1366 990 1433 τοῦτο
1018 1391 1076 1432 κα-

60 1474 238 1559 τανοῆσαι,
271 1471 327 1540 καὶ
359 1470 420 1541 τὸν
448 1466 610 1560 Ἡρακλέα
641 1473 703 1540 τοῦ
730 1468 816 1551 Διὸς
848 1467 996 1539 ἀνειπεῖν
1024 1477 1075 1557 ἐγ-

61 1604 167 1665 γονον
199 1578 255 1646 καὶ
281 1575 327 1646 τῶ
360 1580 418 1665 τῆς
444 1577 561 1666 Λήδας
592 1580 678 1664 υίέε,
705 1583 807 1646 Μίνω
835 1603 869 1645 τε
898 1574 991 1664 οἶμαι
1017 1573 1077 1645 τόν

61 1685 254 1772 νομοθέτην
280 1685 337 1752 καὶ
357 1679 596 1773 Ῥαδάμανθυν
622 1681 683 1753 τὸν
705 1683 864 1753 Κυῶσιον
891 1685 949 1770 τής
976 1679 1079 1770 αὐτῆς

22 1824 49 1867 15
63 1786 202 1871 άξιῶσαι
231 1790 355 1879 φήμης·
383 1792 439 1859 καί
467 1788 589 1871 ἄλλους
617 1790 654 1859 δέ
677 1787 788 1859 ἄλλων
816 1788 976 1876 ἐκγόνους
1003 1786 1078 1856 ἆνε-

61 1896 228 1987 κήρυττον
260 1895 405 1978 πολλοὺς
437 1898 660 1986 διαφέροντας
691 1899 760 1964 τῶν
787 1895 890 1983 φύσει
917 1895 1078 1984 πατέρων.

63 2009 205 2090 ἔβλεπον
237 2002 300 2093 γάρ
329 2007 362 2084 ἐς
388 2001 451 2092 τήν
482 2000 594 2091 ψυχήν
627 1998 733 2090 αὐτήν
761 2004 816 2072 καὶ
848 2000 907 2082 τὰς
933 2001 1079 2090 πράξεις,

63 2106 137 2179 ἀλλ’
168 2106 230 2179 οὐκ
258 2112 292 2192 ές
318 2112 465 2179 πλοῦτον
484 2108 601 2197 βαθὺν
627 2109 683 2177 καὶ
702 2108 813 2198 χρόνῳ
840 2107 970 2193 πολιόν,
999 2103 1080 2175 οὐδὲ

64 2221 269 2285 δυναστείαν
297 2218 333 2284 ἐκ
360 2216 505 2285 πάππων
531 2218 635 2285 τινῶν
653 2216 709 2285 καὶ
737 2213 935 2283 ε’πιπάππωυ
957 2215 991 2294 ές
1019 2209 1079 2280 αό-

23 2321 145 2404 ιοτοὺς
176 2320 341 2412 ήκουσαν·
379 2329 487 2392 καίτοι
524 2350 562 2408 γε
599 2317 729 2411 ὑπῆρχέ
757 2338 847 2389 τισιν
879 2316 921 2388 οὐ
953 2318 1118 2391 παντάῦ

62 2450 167 2499 πασιν
195 2426 328 2511 ἀδόξων
346 2431 505 2515 γενέσθαι
523 2429 689 2521 πατέρων·
718 2425 801 2497 ἄλλα
820 2424 877 2494 διδι
899 2422 961 2514 τήν
979 2420 1078 2514 ὑπερ-

63 2535 171 2625 βολήν
198 2527 238 2624 ής
270 2538 391 2624 ἐτίμων
423 2562 458 2605 τε
490 2536 546 2605 καὶ
579 2534 785 2624 ἐθεράπευον
816 2529 935 2622 άρετής
967 2528 1080 2600 αὐτῶν

64 2645 257 2732 ἐνομίζοντο
293 2645 362 2711 τῶν
396 2645 490 2711 θεῶν
526 2646 651 2722 παῖδες.
706 2643 811 2728 δήλου
847 2639 885 2708 δὲ
926 2640 1079 2708 ἐνθένδε·

65 2746 177 2818 ἄλλων
209 2776 273 2838 γαρ
307 2746 386 2818 οὐδὲ
419 2748 542 2831 είδότες
577 2745 658 2828 τοὺς
690 2746 792 2835 φύσει
823 2747 944 2832 γονέας
976 2746 1010 2824 ἐς
1040 2742 1079 2812 τὸ

26 2888 52 2929 ιι
66 2855 244 2945 δαιμόνιον
271 2852 421 2943 άνήπτου
437 2854 500 2944 τήν
527 2854 654 2943 φήμην,
681 2856 721 2943 τή
743 2853 819 2942 περὶ
838 2848 963 2932 αὐτοὺς
981 2847 1082 2939 άρετή

65 2962 284 3051 χαριζόμενοι.
325 2964 381 3030 καὶ
410 2958 451 3031 οὐ
479 2964 632 3031 πειστέον
650 2974 720 3041 τοῖς
747 2961 915 3046 λέγουσιν,
944 2953 988 3038 ῶς
1016 2954 1081 3045 άρα

136 3219 151 3266 1
175 3207 301 3281 ἐγγόνων
319 3212 356 3282 V]
382 3208 508 3281 ἐκγόνων
576 3218 592 3266 3
615 3207 715 3282 κριτής
738 3229 791 3265 om.
809 3209 838 3264 M
862 3218 889 3263 οῖ
913 3211 973 3265 edd.
999 3227 1082 3277 span-

66 3284 196 3336 hemiana
214 3284 320 3350 priores
341 3281 346 3348 ]
367 3276 479 3346 δικάζει
496 3283 539 3334 bis
556 3282 623 3344 VM,
642 3282 692 3333 sed
710 3283 738 3332 in
755 3281 808 3333 hoe
827 3286 981 3331 correctum
999 3294 1083 3330 manu

67 3352 193 3403 secunda
261 3345 462 3417 8ποιοόμεθα
480 3351 505 3400 V
556 3347 748 3416 θθαυμιιστή
766 3346 800 3414 V]
819 3344 997 3413 θαυμαστῶς
1049 3349 1082 3397 10

62 3409 132 3472 ὀότι
153 3416 190 3486 V]
216 3409 292 3471 οὔτε.
360 3420 490 3471 Imitatur
511 3417 656 3468 Platonem
678 3419 766 3484 Legg.
791 3417 804 3466 I
826 3415 910 3466 6420
981 3416 1012 3464 12
1037 3409 1053 3465 ἐ
1070 3440 1082 3449 ·

68 3504 154 3566 γηνον
171 3484 208 3554 V]
229 3482 349 3554 ἔκγονον
417 3488 451 3538 15
469 3477 578 3553 φήμης]
594 3477 713 3604 μνήμης
730 3483 778 3546 M]
794 3478 827 3535 δέ
846 3475 939 3535 α”ῖῖων
956 3477 1027 3548 VM]
1048 3431 1082 3532 δὲ

69 3573 125 3608 των
143 3544 239 3607 ἄλλων
308 3557 339 3605 17
364 3551 409 3615 εἰς
427 3555 456 3605 Μ
524 3555 557 3604 26
577 3555 591 3603 λ
608 3566 709 3621 γουσιν
726 3548 795 3616 VM]
815 3546 929 3617 λέγουσι
