2392 3960
10 39 98 267 Γ
482 172 616 224 omo
634 174 672 224 11.
1038 171 1080 236 89

61 302 219 389 μένοντες
249 328 289 369 το
326 297 371 387 μή
404 303 473 368 των
508 301 736 387 προκειμένων
772 297 934 381 ἅψασθαι.
978 308 1077 375 τοῦτο

61 405 124 497 γὰρ
160 404 206 494 δή
246 405 375 495 τρόπον
414 403 490 474 τινά
530 406 586 474 καὶ
622 401 704 493 ήμῑν
745 414 831 475 ἔοικε
868 417 1078 497 συμβαίνειν,

60 516 222 594 ἐπαίνους
248 510 317 600 ἅμα
344 513 401 581 καὶ
420 512 571 600 δόγματα
597 509 694 603 ᾅδειν
712 515 768 582 καὶ
795 515 875 601 πρὶν
898 512 1078 606 ἢμετρίως

60 621 242 708 ἐφικέσθαι
268 621 330 687 τοῦ
357 620 522 707 προτέρου
554 618 659 706 λόγου
686 622 790 707 μέσον
816 616 1119 712 όποτεμομένοιςΙ)

40 725 263 814 ιφιλοσόφων
289 728 480 813 ἐξηγεῖσθαι
508 725 627 814 ῥήσεις.
664 724 747 814 πρὸς
774 726 816 814 δὴ
835 726 915 808 τοὺς
941 728 982 798 τά
1008 759 1076 800 τοι-

62 836 144 901 αῦτα
171 834 493 920 καταμεμφομένους
510 841 637 920 είρήται
655 832 717 919 μὲν
746 829 809 920 ἤδη
829 836 885 902 καὶ
912 836 1076 926 πρότερον

62 940 114 1007 καλ
142 930 249 1019 αὖθις
275 938 313 1007 δὲ
340 947 421 1019 ίσως
446 940 617 1019 λελέξεται.

136 1047 221 1114 Νὖν
248 1044 285 1113 δὲ
312 1043 350 1112 τὸ
378 1044 515 1132 συνεχὲς
542 1042 725 1125 ἀποδόντες
742 1047 788 1136 τῷ
816 1047 957 1135 παρόντι
985 1048 1073 1141 λόγῳ

64 1152 112 1220 &a
137 1150 200 1221 τὸν
228 1152 262 1232 έξ
289 1148 392 1240 άρχής
423 1151 640 1238 ἐπανάγωμεν
673 1148 783 1239 ὥσπερ
812 1157 847 1221 οί
871 1157 1073 1243 προεκθέον-

63 1282 111 1339 τες
140 1260 179 1327 ἐν
210 1272 281 1338 τοῖς
312 1256 459 1346 δρόμοις.
504 1256 632 1343 ἐλέγετο
665 1254 697 1326 δ’
732 1249 796 1326 οὖν
828 1262 865 1326 έν
896 1275 967 1341 τοῖς
993 1263 1074 1350 πρό-

65 1374 144 1433 σθεν
176 1359 223 1444 ὥς
255 1360 361 1433 αὐτόν
396 1366 458 1450 μέν
493 1362 569 1432 τινά
606 1383 689 1451 φησι
720 1364 865 1434 Πλάτων
896 1365 957 1435 τὸν
989 1371 1074 1436 νοῦν

66 1472 114 1538 καί
140 1468 203 1558 τήν
230 1470 359 1558 ψυχήν,
388 1467 494 1539 αὐτοῦ
522 1470 559 1538 δέ
586 1468 623 1539 τὸ
653 1474 748 1559 σῶμα
775 1473 831 1539 καὶ
858 1470 920 1561 τήν
946 1478 1073 1561 κτήσιν.
1093 1492 1129 1542 70

67 1579 161 1645 ταῦτα
189 1576 228 1645 δὲ
245 1579 283 1645 ἐν
301 1591 371 1658 τοῖς
387 1582 592 1665 θαυμασίοις
610 1576 783 1668 διώρισται
802 1577 927 1666 νόμοις.
964 1578 1074 1669 ὥσπερ

67 1673 137 1770 οὖν,
164 1691 199 1751 εί
221 1710 273 1764 τις
299 1685 332 1765 ἐξ
359 1679 462 1773 ἀρχῆς
489 1680 670 1771 άναλαβών
702 1686 805 1770 λέγοι·
838 1682 944 1777 ,Ὅτῳ
972 1684 1074 1776 άνδρὶ

10 1788 96 1868 μείς
122 1792 210 1859 νοῦν
241 1790 298 1859 καὶ
330 1789 499 1879 φρόνησιν
530 1788 712 1880 άνήρτήται
744 1790 854 1859 πάντα
885 1790 925 1860 τὰ
958 1797 992 1873 ές
1019 1791 1073 1862 εό-

69 1896 238 1984 δαιμσνίαν
267 1899 414 1984 φέροντα
444 1897 500 1965 καὶ
528 1895 573 1986 μή
601 1899 638 1965 έν
664 1912 735 1978 τοῖς
762 1898 868 1984 ἐκτός,
897 1900 930 1979 ἐξ
959 1891 1007 1968 ὦν
1035 1891 1073 1969 εὖ

68 1993 85 2087 ἦ
115 2005 225 2083 κακῶς
260 2003 458 2091 πραξάντων
493 1999 514 2090 ή
551 2004 607 2071 καὶ
647 2002 844 2091 πασχόντων
879 2009 1074 2075 πλανᾶσθαι

66 2102 288 2196 άναγκάζεται,
324 2108 431 2201 τούτῳ
470 2107 589 2200 άριστα
624 2109 889 2198 παρεσκεύασται
920 2110 1004 2200 πρὸς
1034 2111 1071 2180 τὸ

66 2216 154 2303 ζήνιι,
182 2213 225 2285 οὐ
251 2216 452 2306 παρατρέπει
479 2214 542 2304 τήν
569 2218 657 2298 λέξιν
676 2213 757 2285 οὐδὲ
783 2232 972 2305 παραποιεῐ,
1001 2220 1072 2306 ἐξη-

10 2314 162 2405 ιόγεῖται
194 2322 232 2391 δὲ
259 2320 373 2412 ὀρθῶς
403 2323 459 2391 καὶ
491 2322 676 2412 ἑρμηνεύει·
710 2320 798 2391 οὕτω
828 2322 864 2391 δέ
896 2325 951 2392 καὶ
980 2322 1109 2406 ὅστιςΒ

61 2422 132 2498 άντὶ
159 2431 218 2516 τής
245 2425 353 2497 αὐτοῦ
384 2430 501 2511 λέξεως
527 2428 587 2498 τὸν
614 2427 700 2499 θεὸν
727 2430 979 2519 παραλαμβάνει
1008 2428 1070 2500 οὐκ

59 2530 172 2605 άδικεῑ.
209 2540 240 2603 εί
261 2533 325 2625 γάρ
342 2533 403 2604 τὸν
426 2538 464 2604 έν
490 2532 571 2624 ήμῖν
589 2542 745 2624 δαίμονα,
774 2534 855 2605 ὅντα
874 2536 935 2624 μὲν
953 2534 1069 2625 άπαθή

57 2643 95 2729 τῇ
123 2640 226 2729 φύσει
254 2643 310 2710 καὶ
335 2645 407 2734 θεῷ
426 2644 581 2730 ξυγγενῆ,
608 2641 714 2712 πολλά
742 2643 779 2711 δὲ
807 2640 996 2712 άνατλάντα
1014 2645 1070 2712 καὶ

56 2741 283 2836 ὑπομείναντα
315 2746 372 2816 διά
402 2746 466 2836 τήν
496 2747 581 2839 πρὸς
606 2747 644 2817 τὸ
678 2752 773 2836 σῶμα
804 2757 988 2819 κοινωνίαν
1014 2752 1071 2819 καὶ

18 2856 116 2925 τετοῦ
148 2854 290 2941 πάσχειν
321 2881 356 2922 τε
387 2856 443 2923 καὶ
475 2862 680 2944 φθείρεσθαι
713 2861 904 2942 φαντασίαν
935 2865 1072 2937 πολλοῖς

10 3026 13 3051 ζ
54 2959 280 3051 παρασχόντα,
306 2963 368 3028 τοῦ
394 2959 519 3049 παντὸς
546 2964 673 3041 ἐκεῖνος
695 2968 891 3050 προΐσταται
919 2969 997 3049 βίον
1024 2966 1070 3054 τῷ

10 3142 12 3147 ,
53 3093 91 3152 γε
118 3064 379 3155 εὐδαιμονήσειν
406 3069 568 3156 μέλλοντι,
596 3075 631 3135 τί
655 3065 717 3156 χρή
745 3071 938 3157 προσδοκᾶν
967 3066 1070 3139 αὐτόν

121 3287 139 3335 4
157 3275 398 3349 ὑποπεμπομένοις
416 3286 512 3351 spanh.
582 3290 598 3337 9
615 3280 845 3353 προσεκθέοντες
859 3288 884 3339 V
953 3290 986 3337 10
1002 3283 1070 3351 πρό-

54 3352 128 3404 σθεν
144 3350 183 3417 V]
201 3347 368 3419 ἔμπροσθεν
386 3354 430 3419 (In
442 3354 471 3402 Μ
489 3349 654 3421 ἔμπροσθεν
672 3371 705 3404 ex
723 3348 853 3418 πρόσθεν
874 3355 970 3405 eadem
987 3370 1070 3404 manu

54 3418 220 3485 eorrectum)
301 3424 333 3472 15
356 3414 384 3479 ἐς
408 3418 476 3487 VM]
500 3417 542 3481 είς
568 3422 572 3475 Ι
598 3413 695 3473 πάντα
713 3414 751 3474 τά
774 3418 846 3488 VM]
873 3416 968 3473 πάντα
1038 3424 1070 3472 18

53 3482 284 3555 παρεσκεύασται
306 3488 362 3539 VM
398 3484 638 3555 παρεσκευάσθαι
705 3491 739 3543 23
764 3487 886 3556 ξυγγενῆ
909 3487 978 3554 VM]
1003 3503 1070 3555 συγ-

54 3554 124 3623 γενῆ
192 3558 226 3607 25
244 3547 367 3623 πάσχειν
400 3554 527 3621 φάσκειν
545 3558 569 3609 V
591 3556 595 3624 Ι
613 3557 741 3624 πολλοῖς]
760 3559 856 3608 Malim
875 3561 936 3616 τοῖς
954 3558 1070 3617 πολλοῖς
