2392 3960
104 155 167 221 24ss
407 157 550 208 ιυιιεαι
571 157 817 210 Ιιιεεεευοιιιε

105 287 160 354 καὶ
189 285 378 372 συνέχουσα
405 287 445 372 τῆ
468 283 581 374 μνήμη
604 288 707 376 γεννᾷ
733 283 791 366 τὰς
818 284 1007 374 ἐπιστήμας.
1053 286 1121 374 ἐγῶ

106 393 154 478 δέ,
182 397 214 460 εί
239 391 283 479 μῆ
310 417 341 458 τι
368 393 524 459 τοιοῦτον
556 382 598 479 ῆν
626 392 744 460 ἐνδέον
771 387 791 479 ῆ
823 394 951 461 τέλειον
982 395 1121 481 ἐμποδι-

107 498 244 585 ζόμενον
281 493 338 566 ὑπ’
378 494 489 565 ἄλλων
524 499 657 566 πολλῶν
693 499 749 566 καὶ
786 505 962 586 ποικίλων,
995 495 1013 568 3
1052 503 1122 569 τῶν

105 601 199 686 ἐκτὸς
226 619 367 672 ποιεῖται
394 601 456 691 τῆν
474 600 663 692 ἀντίληψιν,
692 600 766 672 οὐδ’
797 600 841 673 διν
860 604 1009 675 δυνατὸν
1028 603 1121 695 οἶμαι

105 711 264 796 γενέσθαι
291 713 359 779 τῶν
387 713 562 798 αἰσθητῶν
594 706 780 798 ἀντίληψιν.
826 707 899 780 ἀλλ’
929 702 1029 793 οὑτος
1057 713 1147 801 μένο

106 813 124 885 ὑ
153 817 251 904 λόγος
279 813 319 886 οὐ
347 831 416 898 τοῖς
442 819 508 886 νῦν
535 816 702 906 προσῆκει.

55 941 105 990 190
186 923 314 1013 Διόπερ
343 925 548 992 ἐπανακτέον
575 925 627 992 ἐπὶ
654 918 695 991 τά
722 925 804 1013 μέρη
832 926 891 1011 τῆς
918 931 1123 1012 φιλοσοφίας

105 1032 163 1118 τῆς
198 1033 345 1117 κυνικῆς.
396 1036 575 1117 φαίνονται
612 1029 673 1118 μὲν
706 1028 748 1117 δῆ
780 1031 836 1099 καὶ
873 1021 966 1100 οὑτοι
1003 1034 1123 1122 διμερῆ

105 1135 167 1224 τῆν
194 1142 401 1224 φιλοσοφίαν
424 1142 622 1224 νομίσαντες
640 1133 751 1225 ῶσπερ
779 1131 797 1205 ὁ
823 1133 1048 1226 Ἀριστοτέλης
1066 1139 1124 1207 καί

106 1242 264 1329 Πλάτων,
306 1242 561 1331 θεωρηματικῆν
600 1269 635 1311 τε
675 1244 731 1312 καὶ
771 1242 972 1332 πρακτικῆν,
1014 1240 1124 1314 αὑτοῦ
1138 1271 1163 1311 ιο

107 1350 263 1429 συνέντες
296 1347 452 1437 δηλονότι
484 1350 539 1417 καὶ
572 1348 767 1436 νοήσαντες,
801 1345 845 1430 ῶς
876 1349 1003 1419 οἰκεῖόν
1030 1352 1125 1419 ἐστιν

106 1453 288 1544 ἅνθρωπος
324 1454 426 1543 φύσει
462 1454 576 1544 πράξει
612 1457 668 1524 καὶ
706 1455 875 1545 ἐπιστήμη.
926 1461 958 1525 εί
993 1455 1031 1525 δὲ
1064 1459 1126 1545 τῆς

107 1564 253 1649 φυσικῆς
280 1558 364 1652 πρὸς
394 1559 457 1648 τῆν
487 1567 637 1651 θεωρίαν
669 1562 854 1650 ἐξέκλιναν,
887 1559 990 1632 οὑδέν
1020 1565 1125 1632 τοῦτο

106 1666 191 1757 πρὸς
222 1666 282 1737 τὸν
314 1667 426 1754 λόγον.
451 1664 453 1666 ’
477 1669 546 1736 ἐπεὶ
577 1669 633 1737 καὶ
665 1668 848 1759 Σωκράτης
884 1670 940 1739 καὶ
972 1675 1127 1751 πλείονες

106 1771 200 1843 άλλοι
227 1780 356 1865 θεωρίᾳ
374 1773 435 1862 μὲν
454 1780 634 1862 φαίνονται
652 1775 855 1864 χρησάμενοι
882 1777 998 1864 πολλῆ,
1016 1777 1126 1866 ταάτη
1141 1803 1165 1844 ιι

107 1879 144 1948 δέ
172 1877 235 1949 οὐκ
262 1879 365 1950 άλλου
393 1881 501 1970 χάριν,
529 1878 612 1950 άλλά
636 1885 696 1976 τῆς
722 1882 883 1972 πράξεως·
911 1883 981 1951 ἐπεὶ
1008 1881 1125 1952 καὶτὸ

65 1985 230 2056 Βέαυτὸν
257 1990 385 2074 γνῶναι
417 1990 516 2056 τοῦτο
546 1988 720 2076 ἐνόμισαν,
748 1987 785 2058 τὸ
809 1998 937 2076 μαθεῖν
964 1984 1127 2078 άκριβῶς,

105 2101 141 2161 τί
165 2094 226 2181 μὲν
254 2091 440 2164 ἀποδοτέον
466 2096 571 2184 φνχῆ,
598 2101 634 2163 τί
658 2094 696 2164 δὲ
724 2094 862 2183 σῶματι·
890 2091 1063 2164 άπέδοσάν
1089 2122 1128 2164 τε

24 2260 26 2264 .
106 2199 241 2281 εἰκότως
272 2196 455 2289 ἡγεμονίαν
488 2201 550 2288 μὲν
582 2203 622 2290 τῆ
649 2203 755 2290 ψυχῆ,
787 2197 975 2291 ὑπηρεσίαν
1007 2200 1046 2270 δὲ
1077 2205 1127 2295 τῷ

107 2306 241 2394 σῶματι.
292 2312 473 2395 φαίνονται
505 2305 547 2395 δῆ
581 2298 645 2376 οὖν
681 2304 802 2397 άρετῆν
839 2306 1127 2395 ἐπιτηδεύσαντες,
1141 2335 1165 2376 τι

107 2413 310 2503 ἐγκράτειαν,
339 2411 498 2501 άτυφίαν,
527 2416 734 2503 ἐλευθερίαν,
761 2415 823 2495 ἔξω
842 2413 1019 2502 γενόμενοι
1037 2439 1125 2483 παν-

106 2517 163 2599 τὸς
191 2519 338 2607 φθόνον,
367 2525 500 2607 δειλίας,
529 2523 801 2608 δεισιδαιμονίας.
847 2517 919 2589 ἀλλ’
950 2517 1014 2608 οὐχ
1031 2515 1128 2610 ῆμεῑς

106 2627 211 2693 ταῦτα
243 2621 327 2715 ὑπὲρ
360 2622 472 2694 αὐτῶν
500 2626 746 2714 διανοούμεθα,
779 2632 907 2710 παίζειν
935 2625 972 2696 δέ
1000 2623 1127 2708 αὑτοὺς

106 2733 162 2799 καὶ
198 2731 357 2819 κυβεύειν
398 2734 473 2822 περὶ
514 2748 584 2814 τοῖς
621 2732 790 2820 φιλτάτοις
830 2729 1126 2822 ὑπολαμβάνομεν,

69 2835 215 2918 Οοὺτως
252 2833 473 2928 ὑπεριδόντας
508 2842 570 2907 τοῦ
606 2838 771 2926 σώματος,
809 2835 855 2922 ῶς
888 2835 905 2907 ὁ
939 2838 1161 2928 Σωτράτηςιι

108 2950 172 3030 ε”φη
202 2946 309 3030 λέγων
337 2943 450 3034 ὀρθῶς
477 2947 614 3034 μελέτην
642 2943 730 3014 εἶναι
757 2945 910 3014 θανάτου
937 2942 1000 3032 τῆν
1028 2953 1126 3032 φιλο-

177 3133 190 3176 1
213 3123 313 3195 μνήμη
330 3127 402 3196 Pet]
420 3122 506 3247 φήμη
590 3116 669 3196 2ῆν
686 3117 765 3198 Η]ῆ
799 3127 803 3188 Ι
835 3121 1073 3210 ἐμποδιζόμενοτ]
1093 3123 1126 3180 δὲ

108 3193 258 3273 αδδίβοεὶω
343 3198 360 3247 4
382 3186 416 3248 οό
439 3187 447 3209 ’
469 3188 507 3249 ἂν
524 3194 562 3264 Η]
587 3191 677 3249 οὐδὲν
763 3198 796 3248 10
818 3193 920 3264 αυτοῦ]
943 3191 1029 3249 αυτοὶ
1048 3195 1126 3276 Βτβ,

107 3257 181 3316 αότο
204 3262 290 3314 τοῦτο
313 3264 340 3314 Η
426 3266 456 3315 11
480 3263 548 3317 Rsk.
571 3266 648 3316 malit
673 3261 782 3325 οἰκεῖος
804 3271 852 3316 aut
874 3257 913 3323 ῶς
935 3260 1048 3316 οἰκεῖον
1064 3273 1127 3316 ἀν-

105 3321 237 3397 θρῶποις
256 3324 343 3398 φάσει
366 3329 471 3397 πρᾶξις
489 3328 538 3384 καί
557 3323 698 3400 ἐπιστήμη
769 3334 801 3384 13
824 3324 896 3399 πρὸς
913 3326 972 3411 τῆν’
984 3328 1126 3416 θεωρίαν]

106 3399 235 3466 θεωρίας
254 3401 325 3458 Pet„
344 3414 394 3466 ego
412 3401 506 3452 malim
527 3400 615 3452 solum
632 3394 702 3462 πρὸς
721 3397 813 3451 delere
901 3401 933 3450 16
955 3397 1041 3465 αλλα]
1057 3391 1113 3451 δίλλ

106 3456 125 3531 ῆ
149 3483 243 3518 verum
272 3467 388 3518 videtur.
423 3468 486 3519 Vid.
509 3473 602 3520 tamen
624 3468 742 3534 Kriiger.
769 3467 805 3518 οδ
827 3466 899 3522 Χεο.
923 3467 1010 3520 Anah.
1035 3466 1086 3531 Vl,
1109 3468 1126 3520 2

107 3534 158 3600 (4),
178 3538 193 3585 2
266 3537 298 3589 18
316 3533 356 3605 τε]
376 3531 408 3590 δὲ
426 3537 454 3588 Η
522 3539 555 3588 23
574 3529 671 3588 αὑτῶν
687 3532 763 3600 Pet]
784 3525 895 3587 ἑαυτῶν
