2392 3960
492 159 628 212 οοιτιο
647 163 680 212 v.
1035 158 1096 223 221

84 290 123 357 έν
149 293 337 379 κεφαλαίῳ;
369 287 634 376 κατανοήσαντες
661 285 737 377 ἀχρι
768 290 830 356 τού
857 288 1007 375 πέμπτου
1035 287 1097 356 σολ-

83 421 188 482 μοιτος
216 391 257 462 ού
283 391 321 462 τό
351 391 473 481 νοητόν
500 395 622 482 μόνον,
650 391 733 463 ἀλλά
760 396 816 463 καλ
843 392 883 462 τά
911 394 1099 481 φαινόμενα

83 503 190 568 ταῦτα
218 498 354 588 σώματα
380 501 439 588 τής
467 497 622 581 ἀπαθοῦς
649 498 730 570 όντα
749 502 805 569 καὶ
832 507 928 581 θείας
955 506 1099 591 μερίδος,

84 604 163 695 ἀχρι
195 606 318 675 τούτου
355 605 459 687 θεοὺς
496 606 656 695 ἐνόμισαν
692 604 888 696 ἀκραιφνεῖς
925 605 1022 676 εἶναι·
1059 610 1099 697 τῇ

56 719 216 803 ογονίμῳ
250 712 287 781 δέ
314 716 382 781 των
413 716 506 781 θεων
539 711 638 804 ούσίᾳ
665 717 733 782 τῶν
759 717 839 802 τῇδε
865 713 1099 802 παρυποστάν-

81 845 168 903 των,
198 822 231 900 ἐξ
260 816 374 887 ἀιδιόυ
394 820 694 908 συμπροελθούσης
720 823 778 908 τής
796 817 879 906 ύλης
906 834 977 900 τοῖς
994 830 1099 904 θεοῖς,

81 922 164 1014 παρ’
200 922 312 993 αὐτῶν
345 925 383 993 δὲ
415 927 470 994 καὶ
504 923 550 994 δι’
586 924 698 995 αὐτῶν
731 924 787 994 διόι
823 925 860 993 τὸ
893 921 1100 1015 ὑπέρπληρες
1118 942 1144 996 Ι)

82 1029 200 1099 αὐτῶν
227 1035 284 1119 τής
316 1039 458 1120 γονίμου
486 1034 541 1100 καὶ
574 1036 815 1123 δημιουργικῆς
846 1037 953 1112 αίτιάς
984 1028 1005 1118 ἡ
1032 1035 1100 1099 των

84 1135 197 1206 όντων
225 1138 414 1227 προμήθεια
438 1142 694 1227 συνουσιωμένη
713 1154 783 1220 τοῖς
800 1149 895 1218 θεοῖς
914 1140 946 1219 ἐξ
975 1135 1100 1224 ἀιδίου,

40 1271 68 1313 ιο
83 1245 144 1313 καὶ
177 1243 355 1325 σύνθακος
386 1244 448 1333 μὲν
481 1237 566 1314 ούσα
598 1248 643 1337 τῷ
677 1252 807 1332 βασιλεῖ
833 1252 908 1331 Διί,
941 1241 1029 1332 πηγή
1063 1244 1101 1312 δὲ

81 1353 156 1418 των
182 1354 311 1440 νοερων
338 1354 441 1437 θεῶν,
469 1349 581 1420 καὶτὸ
601 1355 728 1422 δοκοῦν
755 1348 862 1435 ἀζωον
890 1352 945 1420 καὶ
974 1347 1100 1437 ἀγουον

83 1458 144 1525 καὶ
181 1458 352 1544 σκύβαλον
387 1459 442 1525 καὶ
474 1461 543 1526 των
579 1456 703 1546 όντων,
736 1452 811 1527 οἷον
843 1453 886 1525 ἀν
923 1467 1010 1525 είποι
1041 1483 1100 1542 τις,

85 1561 312 1653 ἀποκάθαρμα
339 1566 395 1632 καὶ
423 1564 528 1653 τρύγα
547 1566 601 1632 καὶ
631 1561 854 1652 ύποσταθμήν
883 1561 939 1632 διά
966 1566 1025 1651 της
1051 1589 1100 1631 τε-

85 1676 243 1750 λευταίας
274 1673 342 1738 των
369 1673 477 1758 θεῶν,
510 1677 557 1751 είς
584 1667 627 1758 ήν
660 1677 698 1739 αῖ
723 1671 860 1739 πόντων
893 1667 1006 1739 ούσίαι
1033 1672 1102 1737 τῶν

38 1804 70 1847 ιο
86 1778 181 1844 θεων
213 1773 493 1863 ἀποτελεντῶσιν,
526 1777 689 1865 ἐκόσμησέ
723 1805 757 1846 τε
793 1779 849 1847 καὶ
882 1774 1101 1866 διωρθώσατο

86 1883 144 1951 καὶ
171 1881 255 1973 πρὸς
281 1881 319 1951 τὸ
346 1898 497 1972 κρεῖττον
524 1885 728 1970 μετέστησεν.
776 1880 793 1952 ὁ
822 1882 885 1973 γὰρ
910 1880 1017 1964 ’Ἀττις
1045 1873 1101 1951 ού-

86 2015 144 2069 τος
176 1995 261 2077 έχων
293 1987 354 2077 τήν
386 1990 603 2058 κατάστικτον
634 2005 704 2070 τοῖς
736 1986 870 2077 ἀστροις
895 1989 1015 2077 τιάραν
1043 1985 1154 2059 eij-1⁷1

87 2100 195 2182 δηλου
227 2093 278 2165 ὅτι
310 2095 368 2176 τὰς
399 2096 535 2164 πάντων
565 2098 634 2163 τῶν
669 2099 762 2164 θεῶν
793 2100 841 2175 είς
871 2092 932 2162 τόν
970 2096 1103 2182 ἐμφανῆ

87 2201 216 2290 κόσμον
254 2198 423 2291 ὁρωμένας
455 2203 561 2290 λήξεις
593 2199 696 2290 ἀρχάς
727 2201 904 2288 ἐποιήσατο
936 2202 995 2287 τής
1027 2201 1103 2268 ἑαυι

40 2311 151 2377 εοτού
191 2315 377 2397 βασιλείας·
419 2306 470 2377 ἐπ’
514 2305 605 2400 αύτῷ
645 2306 683 2377 τὸ
724 2307 786 2396 μὲν
826 2304 1008 2397 ἀκραιφνὲς
1048 2307 1103 2373 καλ

87 2414 244 2504 καθαρὸν
272 2407 314 2502 ήν
342 2412 420 2505 ἀχρι
448 2417 620 2501 γαλαξίου·
648 2417 724 2504 περὶ
743 2416 863 2483 τούτου
891 2413 928 2482 δέ
956 2410 1021 2500 ήδη
1044 2410 1104 2481 τὸν

88 2519 196 2588 τόπου
222 2524 430 2610 μιγνυμένου
457 2520 541 2611 πρὸς
563 2519 601 2588 τὸ
621 2518 749 2601 ἀπαθὲς
775 2524 837 2590 τού
863 2521 1021 2606 παθητοῦ
1049 2521 1104 2587 καί

87 2629 148 2713 τής
179 2625 262 2715 ύλης
297 2630 591 2717 παρυφισταμένης
629 2630 773 2714 ἐκεῖθεν,
810 2623 830 2715 ή
863 2625 947 2717 πρὸς
979 2625 1105 2713 ταύτην

89 2742 253 2802 κοινωνία
281 2735 462 2821 κατάβασίς
490 2737 581 2803 ἐστιν
609 2739 656 2816 είς
682 2732 720 2802 τὸ
750 2731 885 2823 ἀντρον,
914 2730 976 2802 ούκ
1004 2729 1104 2801 ἀκου-

47 2868 76 2908 εε
91 2846 173 2921 σίως
199 2841 260 2929 μὲν
288 2843 448 2929 γενομένη
476 2856 546 2922 τοῖς
564 2851 659 2921 θεοῖς
681 2842 737 2908 καὶ
764 2843 804 2928 τῇ
831 2840 961 2909 τούτων
979 2844 1141 2928 Μητρί,Β

90 2950 253 3036 λεγομένη
279 2948 316 3016 δέ
335 2945 503 3030 ἀκουσίως
521 2950 690 3034 γενέσθαι.
726 2946 828 3034 φύσει
852 2944 917 3035 γάρ
941 2948 978 3014 ἑν
1001 2951 1106 3034 κρείτ-

90 3081 165 3123 τονι
197 3053 276 3135 τοὺς
307 3052 410 3135 θεοὺς
442 3051 541 3134 όντας
573 3050 636 3122 ούκ
669 3056 799 3122 ἐκεῖθεν
831 3054 885 3121 ἐπὶ
911 3051 991 3121 τόδε
1022 3062 1105 3120 καθ-

92 3162 201 3230 έλκειν
233 3163 340 3230 ἐθέλει
372 3158 412 3228 τά
444 3166 578 3247 βελτίω,
610 3156 694 3229 ἀλλά
727 3157 783 3228 διά
816 3163 875 3247 τής
905 3162 974 3227 τῶν
1001 3185 1106 3247 κρειτ-

93 3268 203 3336 τόνων
236 3266 514 3354 συγκαταβάσεως
550 3268 606 3334 καὶ
641 3268 746 3334 ταῦτα
782 3263 920 3351 ἀνοίγειν
956 3266 1009 3333 ἐπὶ
1045 3262 1108 3352 τήν

179 3470 197 3519 4
213 3460 319 3521 τούτου
337 3464 374 3533 Η]
393 3464 513 3529 τούτους
582 3468 615 3518 12
633 3463 700 3535 εἴπη
717 3467 743 3518 V
812 3468 843 3518 13
861 3461 1043 3531 τελευταίας]
1062 3479 1107 3517 τε·

94 3534 229 3596 λιυτοιίοις
247 3532 346 3597 αἰτίας
362 3536 390 3587 Η
458 3538 491 3588 19
508 3529 676 3603 ὁρμωμένας
693 3536 725 3585 Β.
743 3533 906 3587 Ρτίοδοτίολι
