2392 3960
475 168 696 222 MISOPOGON.
1027 169 1090 232 457

79 303 194 383 ἀλλοις
211 301 427 390 μεταδιδόναι
435 308 466 372 “.
501 310 606 374 ταῦτα
625 307 781 377 ἐδίδασκέ
792 333 832 394 με
845 312 990 394 νομίζων
1004 302 1094 373 ἰδιά-

78 437 142 496 την
165 414 314 478 ἔσεσθαι·
352 411 408 478 καί
429 410 494 498 γάρ
518 408 598 480 οὐδὲ
620 412 779 500 προύγνω
801 412 928 501 ταάτην
951 414 986 480 ἐκ
1009 412 1129 492 ΔιόςΒ

78 542 137 602 μοι
165 514 228 602 τὴν
254 516 359 604 τύχην
387 518 565 605 ἐσομένην,
598 523 645 598 εἰς
671 515 715 606 ἣν
736 523 807 593 ζνῦν
834 517 853 587 ὃ
876 518 959 600 θεὸς
981 521 1095 608 φέρων

79 622 287 708 κατέστησεν.
326 621 389 709 ἐγω
409 623 446 691 δὲ
464 624 705 712 αἰσχυνόμενος
723 623 836 712 ἀργων
855 624 992 693 ἰδιώτου
1009 652 1095 712 φαν-

38 763 51 802 5
81 726 217 815 λότερος
244 726 331 797 εἶναι
354 731 481 816 λέληθα
504 729 663 818 ε’μαντόν,
690 726 794 799 οὐδὲν
811 730 907 816 δέον,
933 727 1015 818 ὑμῖν
1037 735 1096 818 τῆς

80 831 253 920 ἀγροικίας
276 834 475 922 μεταδιδοὺς
495 840 554 922 τῆς
577 837 730 923 ἐμαυτοῦ.
761 840 821 903 καί
840 859 882 921 με
900 835 1010 922 ἕτερος
1026 840 1095 904 τῶν

81 939 266 1020 Πλάτωνος
299 941 415 1028 νόμων
446 939 707 1029 ὑπομνησθέντα
739 943 884 1030 ἐμαυτοῦ
915 946 1095 1028 πεποίηκεν

81 1044 335 1134 ἀπεχθάνεσθαι
371 1047 455 1135 πρὸς
490 1046 590 1136 ὑμᾶς,
626 1047 664 1129 ὅς
699 1069 782 1136 φησι
814 1053 887 1117 δεῖν
923 1053 1006 1117 αἰδῶ
1027 1051 1096 1118 Ἰκαί

82 1152 310 1241 σωφροσύνην
333 1151 448 1222 ἀσκεῖν
468 1153 548 1234 τοὺς
568 1153 732 1242 ἀρχοντας
747 1156 803 1223 καί
821 1153 900 1235 τοὺς
917 1159 1095 1244 πρεσβυτέ-

42 1294 68 1332 10
82 1286 174 1347 ρους,
197 1264 253 1327 ἵνα
274 1259 316 1328 τδι
337 1259 451 1348 πλήθη
474 1259 557 1350 πρὸς
579 1258 703 1342 αὐτοὺς
724 1258 954 1348 ἀποβλέποντα
972 1250 1132 1351 {com-0

81 1392 145 1433 ται.
191 1365 284 1457 μόνω
317 1358 381 1435 οὖν
412 1393 484 1454 μοι,
521 1370 649 1454 μᾶλλον
677 1366 715 1434 δὲ
745 1364 808 1448 ξὺν
835 1363 962 1453 ὀλίγοις
989 1369 1096 1456 ἐπιτη-

81 1470 217 1538 δεύοντι
240 1475 305 1539 νῦν
326 1476 426 1540 τοῦτο
449 1471 532 1560 πρὸς
553 1471 681 1560 θάτερα
702 1473 856 1559 περιέστη
878 1473 935 1540 καὶ
957 1474 1097 1560 γέγονεν

83 1573 145 1644 οὐκ
168 1574 348 1664 ἀπεικότως
371 1580 408 1646 ἐν
431 1575 562 1647 ὀνείδει.
599 1577 678 1646 ἑπτὰ
703 1576 791 1666 [μὲν]
814 1577 880 1665 γάρ
903 1579 1003 1665 ἐσμεν
1026 1583 1098 1648 οἵδε

83 1684 167 1767 [καί]
194 1681 272 1771 παρ’
304 1682 386 1770 ὑμίν
416 1684 504 1764 ξένοι
531 1683 705 1771 νεήλυδες,
742 1678 789 1762 εἰς
815 1681 853 1750 δέ
879 1683 935 1749 καὶ
961 1691 1098 1771 πολίτης

47 1821 71 1861 15
84 1786 258 1877 ὑμέτερος,
275 1788 380 1878 Ἑρμῇ
403 1795 501 1877 φίλος
522 1791 577 1862 καί
602 1791 690 1877 ἐμοί,
716 1787 827 1875 λόγων
849 1785 979 1874 ἀγαθὸς
998 1794 1097 1880 Ιδημι-

84 1894 221 1984 ουργός,
256 1893 306 1975 οἷς
334 1893 436 1963 οὐδέν
463 1897 531 1963 ε’στι
558 1894 641 1983 πρός
661 1922 744 1977 τιναΙ
761 1895 987 1983 συμβόλαιον,
1020 1895 1094 1966 οὐδ’

84 1999 189 2087 ἀλλην
205 1999 306 2070 ·ὁδὸν
338 2005 516 2088 βαδίζομεν
543 1996 594 2090 (ἢ)
621 1998 704 2087 πρὸς
729 1998 770 2068 τδι
797 2003 866 2068 τῶν
879 2005 985 2097 Ιθεῶν
1012 2003 1098 2090 ἰερά,

82 2108 138 2174 καί
162 2105 326 2194 ὀλιγάκις,
355 2105 396 2176 οὐ
418 2106 552 2191 πάντες,
580 2110 627 2186 εἰς
647 2104 689 2174 τά
707 2107 853 2195 θέατρα,
879 2112 1133 2197 πεποιημένοιΙ)

82 2213 120 2281 τὸ
154 2216 414 2282 δνσκλεέστατον
449 2217 518 2281 τῶν
549 2217 658 2301 έργων
688 2213 745 2280 καί
777 2215 1005 2284 ἐπονείδιστον
1036 2221 1098 2286 τοῦ

47 2348 70 2388 ω
83 2324 162 2404 βίον
184 2321 289 2398 τέλος·
317 2321 533 2406 ἐπιτρέψονσί
552 2345 609 2406 μοι
632 2317 764 2398 πάντως
787 2322 823 2387 οἰ
840 2323 909 2387 τῶν
926 2318 1098 2408 Ἑλλήνων

83 2427 186 2513 σοφοί
219 2425 325 2513 φάναι
356 2453 387 2493 τι
419 2429 488 2492 τῶν
519 2422 597 2512 παρ’
629 2423 711 2512 ὑμῖν
741 2426 1019 2508 ἐπιπολαζόντων·
1056 2425 1099 2496 οὐ

81 2531 148 2618 γάρ
181 2538 244 2618 ἐγω
272 2536 341 2611 πῶς
370 2527 413 2599 ἀν
441 2527 522 2598 αὐτὸ
550 2534 678 2618 μάλλον
706 2531 929 2619 ἐνδειξαίμην·
961 2534 1014 2602 ἐπὶ
1040 2539 1099 2623 τῆς

81 2645 248 2727 μεσιτείας
274 2635 397 2717 αὑτοὺς
420 2634 594 2724 ἐτάξαμεν,
625 2633 713 2704 οὕτω
736 2638 811 2725 περὶ
833 2643 961 2707 πολλοῦ
983 2641 1098 2710 ποιού-

155 2777 168 2824 1
191 2770 240 2824 καί
259 2766 356 2830 ἄλλοις
374 2773 444 2823 Μθθ
462 2769 545 2837 Plat.]
571 2767 700 2831 καὶτοῖς
719 2762 825 2832 ἀλλοις.
860 2774 934 2825 Loco
952 2776 1096 2826 verborum

83 2840 168 2910 [τοῖς]
193 2831 292 2899 ἀλλοις
309 2834 501 2905 μεταδιδόναι
524 2843 553 2890 ln
571 2840 595 2890 V
613 2845 656 2890 est
673 2849 734 2890 atra
752 2840 860 2891 macula
928 2846 944 2892 2
965 2835 1099 2907 ποοάγνω
1158 2909 1161 2913 ⁸

82 2908 121 2975 H]
144 2907 276 2974 προέγνω
294 2925 326 2970 ν,
355 2925 392 2973 πρ
396 2944 547 2961 .........
570 2902 600 2957 ἐκ
620 2899 725 2966 διδςῚ
794 2901 1050 2975 Βδδεδςφέρων
1067 2913 1096 2960 in

81 2980 123 3029 Pe
143 2978 254 3041 punctis
272 2982 368 3025 notata
436 2977 452 3026 *1
471 2967 585 3038 ἐμαντῷ
603 2975 730 3024 MbFPef
744 2979 823 3026 mart.
879 2969 1002 3036 8αὖτός
1021 2976 1097 3044 φημί

81 3049 122 3106 V,
141 3035 229 3101 αὐτός
248 3057 319 3109 φησι
336 3043 427 3093 ΜθΡΙ
448 3039 523 3092 αἰδῶ
540 3034 597 3108 Mb]
616 3034 691 3093 αἰδῶ
761 3046 793 3094 10
809 3039 953 3109 βλέποντα
971 3047 996 3096 V
1066 3048 1097 3095 11

82 3108 139 3176 ξὺν
157 3108 191 3174 V]
210 3105 263 3161 τάν
335 3115 365 3160 12
392 3111 560 3174 περίεστιν
631 3113 662 3160 13
685 3104 737 3173 μὶν
756 3125 806 3160 om.
827 3110 875 3161 v?
927 3114 959 3161 14
976 3109 1026 3164 καὶ
1044 3128 1096 3165 om.

80 3181 221 3298 ᾖεηιετι.
240 3184 296 3243 pet.
323 3181 375 3228 Pro
393 3177 458 3257 οἵδε
476 3174 525 3228 καί
544 3177 609 3250 Rflk.
628 3167 648 3242 ἦ
665 3171 738 3228 δέκα
756 3178 856 3260 ιοηίοἰη
888 3181 918 3228 16
937 3173 1007 3230 οὐδὲ
1025 3180 1097 3230 VMb

81 3245 373 3367 ἐποάεἰιδίἀτοξάάοάθ
390 3239 670 3378 uossglqaaeffiss.
689 3247 746 3377 ρίιξ
760 3261 795 3296 ου
813 3247 1097 3390 ξάνέχηωῗξέθφαίἰ

82 3383 184 3448 spanh.
208 3382 212 3437 Ι
239 3385 303 3439 ταῖς
321 3380 478 3441 μεσιτείαις
497 3387 575 3430 mart.
592 3390 648 3445 pet.
717 3383 750 3431 23
768 3373 876 3438 αὖτοδς
894 3379 972 3446 θοὴ]
992 3377 1100 3438 αντοδς

82 3440 169 3517 (ανιὸ
188 3445 350 3513 martxpet.)
383 3447 388 3511 Ι
419 3440 563 3510 ἐτάξαμεν
582 3444 690 3512 VMbF]
711 3440 858 3514 ἐταξαμην
885 3448 889 3512 Ι
920 3442 1100 3517 ποθούμεθα

81 3524 163 3572 mart,
182 3523 235 3580 pet.
