2392 3960
126 144 168 209 26
420 148 563 200 IULIANI
585 147 837 200 IMPERATORIS

125 273 290 365 πρόσθεν,
323 280 370 355 εἰς
401 271 439 342 τὸ
474 275 650 343 διπλάσιον
682 270 703 362 ή
736 275 791 343 καὶ
825 276 877 342 ἐπὶ
910 277 1012 344 πλέον
1040 303 1141 345 κατα-

126 381 261 469 στήσας,
289 383 439 469 ἐμμένων
467 381 503 450 ii
532 380 624 468 οἶμαι
646 395 717 462 τοῖς
741 379 890 471 ἄρχαίοις
913 380 999 470 πλήν
1022 391 1056 451 εἰ
1075 408 1141 453 που

124 486 207 577 πρὸς
234 485 342 577 βραχί.
369 489 425 555 καὶ
452 486 536 577 πρὸς
563 485 720 577 εὔκαιρον
747 489 847 577 έχρήν
874 490 1058 557 αἰσθέσθαι
1083 494 1141 558 δα-

124 596 362 683 πανηροτέρων
389 596 458 662 τῶν
486 593 784 682 λειτουργημιὶτων.
831 596 868 660 ἐν
899 594 1046 683 τοσαύτῃ
1077 595 1139 686 (τε)

72 713 106 763 22
125 699 204 781 τοὺς
227 702 511 790 στρατευομένους
534 693 611 788 ήγες
635 697 802 790 ἀφθονία,
827 695 871 781 ὥς
889 701 969 788 μήτε
992 696 1165 791 ὑβρίξεινι

124 810 170 898 τῷ
198 805 286 898 κόρῳ
314 807 395 896 μήτε
421 803 487 875 ὑπὸ
516 810 574 895 τής
607 809 736 887 ἐνδείας
767 815 968 894 πλημμελεῖν
995 804 1141 894 ιἰναγιια-

125 917 260 1000 σθήναι.
298 911 411 982 ὅπλων
440 913 477 982 δὲ
504 914 559 982 καὶ
587 916 698 982 ἵππων
725 910 943 1001 παρασκευήν
970 915 1026 984 καλ
1054 918 1143 983 νεών

124 1023 192 1087 τῶν
210 1026 383 1107 ποταμίων
402 1021 458 1087 καὶ
476 1019 722 1107 μηχανημάτων
745 1021 800 1087 καὶ
819 1022 887 1087 τῶν
906 1017 1016 1088 ἄλλων
1035 1016 1142 1088 ἁπάν-

124 1152 193 1193 των
216 1123 253 1194 τὸ
278 1128 408 1214 πλήθος
432 1128 539 1214 σιωπή
562 1127 696 1213 κατέχω.
734 1126 803 1193 ἐπεὶ
827 1125 864 1194 δέ
892 1123 932 1194 τὰ
956 1129 1014 1212 τῆς
1036 1152 1141 1215 παρα-

125 1234 247 1319 σκευῆς
274 1233 366 1312 τέλος
389 1230 456 1319 εἶχε
474 1234 529 1300 καὶ
548 1237 615 1300 ἔδει
638 1235 783 1321 χρῆσθαι
806 1245 875 1312 τοῖς
897 1243 1142 1322 προρρηθεῖσιν
1156 1264 1181 1303 ιο

125 1343 173 1417 εἰς
200 1339 294 1423 δέον,
328 1338 502 1423 έζεύγνυτο
535 1337 597 1425 μὲν
625 1334 643 1407 ὁ
676 1344 798 1427 Τίγρης
832 1343 946 1428 σχετλία
973 1331 1141 1425 πολλάκις,

125 1440 214 1532 ήρθη
244 1443 281 1512 δὲ
309 1440 360 1513 ἐπ’
391 1440 480 1535 αὐτῷ
509 1444 673 1533 φρούρια,
705 1446 761 1513 καὶ
788 1448 855 1512 τῶν
887 1450 1055 1532 πολεμίων
1083 1442 1141 1513 οὐ·

84 1550 196 1629 Bacis
225 1548 404 1637 ἐτόλμησεν
432 1547 557 1637 ιἰμῦναι
584 1554 624 1639 τή
651 1550 742 1641 χώρη
770 1553 1004 1639 πορθουμένη,
1032 1551 1141 1620 πάντα

126 1656 163 1724 δὲ
190 1652 269 1744 παρ’
300 1651 385 1743 ήμᾶς
411 1653 508 1742 ήγετο
537 1652 700 1724 τάκείνων
728 1654 851 1742 ἀγαθοί,
879 1659 947 1724 τῶν
975 1656 1035 1744 μὲν
1060 1654 1141 1725 οὐδὲ

126 1767 173 1842 εἰς
200 1775 310 1850 χεῖρας
343 1763 429 1829 ἰέναι
456 1760 669 1849 τολμώντων,
701 1766 769 1830 τῶν
801 1765 1069 1851 θρασυνομένων
1104 1763 1141 1831 δὲ
1155 1791 1181 1832 15

126 1864 204 1956 παρ’
240 1864 325 1935 αὐτὰ
356 1865 418 1954 τήν
450 1874 614 1958 τιμωρίαν
650 1864 877 1956 ὑποσχόντων.
927 1867 964 1937 τὸ
998 1867 1059 1956 μὲν
1099 1867 1140 1956 δή

125 1974 309 2061 κεφάλαιον
336 1977 404 2041 τῶν
432 1979 478 2055 είς
505 1974 567 2061 τήν
594 1981 755 2062 πολεμίαν
787 1977 950 2062 εἰσβολῶν
977 1976 1141 2043 τοιοῦτον.

126 2077 206 2148 καθ’
237 2082 378 2148 ἕκαστον
405 2079 468 2170 γὰρ
498 2083 659 2162 ἐπεξιέναι
686 2088 735 2161 τίς
762 2077 805 2148 ἂν
834 2077 933 2161 ἀξίως
961 2083 997 2148 ἐν
1025 2088 1145 2170 βραχεῖ

125 2186 213 2277 λόγῳ
244 2191 420 2274 δυνηθείη,
447 2191 515 2256 τῶν
543 2187 605 2275 μέν
631 2184 690 2267 τὰς
718 2184 894 2275 συμφορὰς
922 2189 989 2254 τῶν
1017 2186 1054 2255 δὲ
1082 2185 1140 2268 τὰς

126 2289 292 2382 ιἰριστείας
324 2289 633 2382 οἰποιριθμούμενος;
665 2295 829 2361 τοσοῦτον
862 2291 898 2360 δὲ
927 2301 1006 2373 ἰσως
1034 2299 1140 2362 εἰπεῖν
1154 2319 1180 2361 ιο

87 2395 169 2467 Coi}
196 2398 355 2486 χαλεπόν,
389 2395 439 2466 ὅτι
466 2397 624 2479 πολλάκις
655 2396 715 2466 τὸν
744 2396 893 2485 ποταμὸν
926 2400 1056 2468 ἐκείνου
1083 2425 1140 2468 πε-

127 2505 285 2592 ραιωθεὶς
313 2502 375 2584 ξὺν
401 2507 447 2594 τῷ
476 2504 692 2593 στρατεύματι
724 2505 780 2572 καὶ
812 2501 920 2573 πολὺν
949 2507 985 2572 έν
1012 2509 1051 2594 τῇ
1080 2532 1140 2574 πο-

126 2616 221 2700 λεμία
257 2614 376 2698 τρίψας
412 2610 551 2699 χρόνον,
588 2609 736 2701 λαμπρὸς
774 2610 927 2699 έπανήεις
963 2627 1033 2692 τοῖς
1064 2639 1140 2702 τρο-

125 2723 252 2801 παίοις,
293 2712 352 2795 τὰς
389 2714 445 2784 δια
491 2716 528 2785 σε
564 2717 675 2798 πόλεις
717 2719 895 2807 ἐλευθέρας
940 2716 1042 2786 ἐπιὼν
1079 2718 1138 2813 Ιοιαὶ

126 2822 338 2913 χαριζόμενος
366 2823 502 2911 εἰρήνην
529 2825 584 2892 καὶ
611 2827 774 2910 πλοῦτον,
802 2824 910 2893 πάντα
939 2821 1072 2912 ιἰθρόως
1098 2820 1139 2890 τὰ
1153 2850 1179 2890 οε

194 3049 208 3096 1
228 3041 410 3124 καταστήσας
429 3047 539 3098 Schaef.
545 3046 556 3112 ]
578 3045 763 3134 κατέστησας.
790 3047 904 3126 Dplevit
921 3045 990 3100 Rsk.
1059 3049 1074 3097 3
1094 3036 1138 3096 εὖ·

126 3103 286 3179 ιιαιρυν]
267 3128 390 3178 ακαιρον
413 3116 449 3176 V,
474 3116 546 3166 unde
571 3112 726 3179 ἀκαριαῖον
756 3114 866 3178 conjeci
897 3113 900 3179 Ι
933 3111 1139 3164 αἰσθεοθαιλί

125 3184 192 3232 4τε
210 3182 273 3234 add.
291 3179 407 3233 Schaef..
473 3185 503 3232 ll
522 3183 613 3248 τίγρις
631 3186 655 3235 V
688 3184 727 3234 ef
747 3185 820 3245 7413,
841 3179 1138 3232 atet1am56A620

126 3250 220 3300 3240
258 3246 369 3312 Πίγρης
394 3250 520 3314 (librarii
543 3265 647 3315 errore,
672 3252 782 3316 opinor,
806 3266 857 3326 pro
881 3247 1019 3329 Τίγρης)
1029 3249 1138 3299 Iuliano

126 3318 256 3367 tribuitur
269 3316 303 3366 ab
315 3322 416 3371 Eustat
405 3318 463 3368 thio
477 3318 513 3367 ad
526 3317 670 3382 Dionysv
671 3321 741 3370 ‚976
797 3319 828 3367 12
841 3305 937 3383 ηρέθη
950 3319 984 3381 V,
1002 3307 1098 3400 ηρέθη
1111 3317 1141 3365 Μ

128 3387 159 3435 16
177 3378 353 3450 παρανταν
425 3387 455 3435 18
454 3401 528 3463 γαρ
548 3402 599 3439 om
614 3386 638 3435 V
707 3378 981 3504 19ήτᾶινμενλλἓ
1026 3387 1142 3449 2οιιρι-

127 3453 223 3571 {telae
254 3469 304 3503 om.
335 3457 368 3507 V.
404 3453 408 3518 l
445 3443 660 3518 ἀριθμούμενος
690 3456 714 3507 V
799 3455 833 3502 24
870 3444 919 3504 διὰ
951 3446 981 3504 οὲ
1010 3447 1140 3518 Schaei.]

148 3538 178 3571 ια
201 3535 231 3572 σε
