2370 3908
98 159 140 223 28
399 159 542 213 ιτιιισι
564 156 814 209 IMPERATORIS

98 288 248 377 συνήθει.
291 285 380 368 ὅπως
399 286 436 355 δέ
454 289 594 354 ἕκαστον
614 283 774 376 ἐπράχθη,
802 283 1014 371 διηγήσομαι.
1053 285 1115 352 θέ-

98 422 156 483 ρος
187 393 249 481 μὲν
276 392 340 481 γὰρ
373 384 416 480 ἦν
449 391 595 480 ἀκμάζον
623 398 685 478 ἐτι,
719 389 835 478 συνῄει
864 390 901 457 δὲ
928 392 962 469 ἐς
990 385 1115 458 ταύτὸν

58 499 137 571 cv&
166 500 371 588 στρατόπεδα
398 497 486 567 πολὺ
512 497 576 585 πρὸ
604 501 663 585 τῆς
689 503 902 584 μεσημβρίας.
940 496 1116 583 ἐκπληττό-

97 633 193 694 μενοι
222 606 258 674 δέ
287 610 323 674 οί
352 607 503 693 πολέμιοι
535 603 597 693 τὴν
625 601 779 683 εὐταξίαν
811 603 867 670 καλ
895 599 956 670 τὸν
988 601 1116 690 κόσμον

98 715 154 781 καὶ
187 711 247 799 τὴν
279 708 439 800 ἡσυχίαν,
472 708 568 780 αὐτοὶ
602 710 638 778 δέ
670 709 792 797 πλήθει
825 710 1018 796 θαυμαστοὶ
1051 736 1141 796 ‹pa-5

98 821 224 904 νέντες,
257 816 374 906 ἤρχετο
407 818 468 905 μὲν
500 815 612 897 οὐδεὶς
642 820 700 905 τῆς
727 815 847 902 μάχης,
879 818 948 882 τῶν
980 814 1042 902 μὲν
1069 821 1117 896 είς

98 940 210 1014 χεῖρας
248 927 333 993 ἰέναι
369 923 453 1013 πρὸς
479 922 578 993 ὀὕτω
617 923 933 1012 παρεσκευασμένην
970 920 1118 1009 δύναμιν

100 1028 309 1116 ὀκνούντων,
345 1033 414 1097 των
447 1030 484 1097 δὲ
520 1029 766 1118 περιμενόντων
804 1030 953 1108 ἐκείνους
990 1024 1117 1117 ἄρχειν,

100 1133 189 1216 ὅπως
226 1133 432 1223 ἀμυνόμενοι
464 1138 590 1223 μᾶλλον
621 1138 659 1204 ἐν
691 1139 808 1218 πᾶσιν,
842 1131 917 1221 οὐχὶ
950 1132 988 1200 δὲ
1019 1131 1118 1203 αὐτοὶ

97 1244 246 1329 πολέμου
274 1239 354 1328 μετὰ
381 1240 443 1329 τὴν
475 1242 613 1331 εἰρήνην
642 1240 799 1331 όίρχοντες
831 1255 979 1328 φανεῖεν.
1025 1241 1118 1322 τέλος
1131 1268 1156 1310 ιο

55 1347 138 1418 Do}
167 1344 185 1414 ό
214 1351 272 1435 τῆς
299 1351 505 1436 βαρβαρικῆς
533 1350 661 1436 ἐκείνης
688 1349 863 1434 δυνάμεως
889 1343 1034 1435 ἡγεμών,
1061 1373 1118 1434 με·

100 1456 222 1541 τέωρος
255 1450 372 1541 ἀρθεὶς
407 1449 491 1543 ὑπὲρ
525 1457 593 1522 τεόν
630 1451 782 1524 ἀσπίδων
819 1454 875 1521 καὶ
912 1451 1123 1540 καταμαθὼν·

100 1558 137 1628 τὸ
166 1563 297 1647 πλῆθος
324 1562 361 1627 ἐν
387 1560 490 1646 τοίξει,
524 1554 594 1641 οἶος
621 1562 654 1641 ἐξ
689 1565 764 1630 οἵου
792 1561 909 1645 γέγονε
936 1559 992 1627 καὶ
1020 1565 1119 1640 ποίας

101 1662 194 1751 αφίει
223 1665 352 1752 φωνάς;
381 1666 611 1753 προδεδόσθαι
640 1670 731 1753 βοῶν
758 1664 917 1746 καὶτοὺς
945 1660 1029 1753 νπὲρ
1057 1667 1119 1734 τοῦ

101 1774 248 1859 πολέμου
276 1777 453 1852 πείσαντας
482 1772 690 1859 αἰτιώμενος,
719 1773 900 1878 φεύγειν
888 1769 970 1840 ίόετο
998 1774 1159 1859 χρῆναιιε

102 1876 158 1945 διὰ
185 1877 307 1964 τοίχους
339 1878 394 1945 καὶ
422 1881 522 1946 τοῦτο
555 1877 661 1965 μόνον
689 1883 725 1946 οί
754 1877 837 1969 πρὸς
865 1883 1033 1967 σωτηρίαν
1062 1875 1120 1965 ἀρ-

101 1987 278 2070 κέσειν,ε
264 1989 295 2052 εί
325 1984 492 2072 φθησεται
524 1983 585 2053 τὸν
617 1984 768 2072 ποταμὸν
805 1987 979 2072 διαβηναι,
1016 1979 1120 2071 ὅσπερ

104 2092 172 2158 ἐστὶ
200 2093 258 2178 τῆς
285 2090 395 2179 χωρας
423 2093 551 2178 ἐκείνης
569 2089 653 2181 πρὸς
678 2089 741 2179 τὴν
764 2088 927 2179 ἡμετέραν
955 2087 1033 2178 όρος
1061 2086 1120 2178 αἰρ-

101 2210 204 2284 χαϊος.
245 2200 348 2266 ταῦτα
387 2199 581 2284 διανοηθεὶς
619 2199 743 2277 ἐκεῖνος
774 2201 908 2286 πρῶτον
941 2196 993 2265 ἐπὶ
1030 2195 1120 2265 πόδα

103 2309 256 2391 σημαίνει
288 2300 614 2392 τιΙνόναχοίρησιν,
646 2304 701 2372 καὶ
733 2301 807 2371 κατ’
838 2299 953 2387 ὀλίγον
985 2321 1119 2392 προστι-
1134 2329 1159 2370 ιο

49 2426 84 2475 24
102 2411 176 2489 θεὶς
208 2412 254 2502 τῷ
287 2411 378 2496 τάχει
410 2412 503 2490 τέλος
538 2407 604 2498 ἤδη
636 2413 802 2501 καρτεροῖς
839 2417 996 2495 ἔφευγεν,
1034 2414 1121 2496 ἔχων

104 2511 239 2599 όλίγους
276 2517 393 2596 ίππέας
425 2512 508 2602 ἄμφ’
549 2512 668 2603 αὑτόν,
704 2514 766 2604 τὴν
803 2516 949 2604 δύναμιν
986 2512 1122 2583 ἅπασαν

102 2622 148 2711 τῷ
181 2622 276 2689 παιδὶ
308 2622 364 2689 καὶ
396 2624 441 2713 τῷ
474 2623 658 2714 πιστοτότφ
691 2625 760 2690 των
798 2629 908 2708 φίλων
945 2621 1122 2708 ἐπιτρέψας

104 2722 206 2812 όίγειν.
243 2729 348 2795 ταῦτα
377 2723 520 2816 ὁρωντες
546 2727 583 2797 τὸ
604 2727 790 2818 στράτευμα
818 2730 874 2797 καὶ
901 2733 1120 2815 χαλεπαίνον-

102 2857 165 2918 τες,
193 2829 244 2900 ότι
271 2838 437 2921 μηδεμίαν
464 2830 612 2921 ὑπέσχον
638 2838 706 2902 τῶν
733 2838 983 2923 τετολμημένων
1011 2838 1122 2921 δίκην,
1135 2859 1159 2900 ω

103 2936 212 3024 ἐβόων
240 2935 334 3024 όίγειν
353 2938 404 3008 ἐπ’
436 2937 569 3027 αὐτούς,
597 2941 652 3009 καὶ
671 2940 866 3022 κελεύοντος
885 2942 998 3029 μένειν
1017 2937 1121 3028 ἀχθό·

173 3190 188 3239 8
208 3188 330 3269 μεσηβρί
330 3207 364 3249 ας
382 3191 407 3242 V
475 3193 492 3242 4
511 3196 539 3241 et
557 3193 572 3241 5
590 3188 640 3242 καλ
659 3184 710 3243 τόν
728 3186 835 3275 κόσμον
853 3189 903 3243 καὶ
921 3208 975 3256 την
992 3181 1122 3270 ἡσυχίαν

104 3251 141 3321 V]
166 3247 220 3320 τήν
238 3248 373 3337 ἡσηχίαν
380 3250 477 3309 καλ
448 3274 499 3309 τον
519 3253 626 3341 κόσμον
695 3254 802 3312 θοόδέ
821 3255 863 3319 εἷς
881 3262 905 3310 V
975 3248 1122 3322 9αμννό-

105 3337 187 3401 “⁸⁹⁰²
205 3314 293 3442 H}
274 3318 668 3476 “μ””“ό”λιοίέΙῖἷ
670 3325 690 3444 λ
708 3320 778 3446 {ff
827 3316 1121 3447 τίλλῗὲείέεῗν
1094 3329 1123 3375 ⁶²

104 3379 180 3511 {ib}
156 3407 235 3542 χίηρόέ
249 3408 286 3526 {A
273 3458 321 3511 ίαν
340 3461 365 3512 V
383 3458 392 3542 Ι
417 3411 482 3511 τοδε
502 3459 587 3528 δίκην
605 3413 676 3516 Βελξ.
693 3412 815 3514 όεςΗ
784 3457 837 3529 τὴν
857 3392 1121 3513 δελοόοεοοίν
1089 3461 1123 3509 26

105 3526 286 3593 κελευοντος]
306 3519 474 3588 κελεύοντός
493 3528 566 3582 σουλ
