2392 3960
110 157 151 222 86
408 159 552 212 ιυιιιαι
574 157 824 210 mammona
881 139 886 146 '

110 314 211 375 ματος
242 284 337 369 πεζὸς
369 291 612 372 διαγωνίζεται,
645 290 681 355 οί
706 286 743 354 δὲ
770 286 935 375 πρότερον
963 282 1029 354 άπὸ
1057 289 1126 353 τῶν

109 396 227 481 τειχῶν
254 392 482 480 ἐναυμάχουν,
515 394 608 474 τέλος
641 392 678 461 δὲ
706 397 742 461 οί
766 391 827 480 μέν
861 395 929 460 τῶν
957 391 1124 473 ἐπάλξεων

109 498 201 580 εἶξαν
228 501 371 568 καὶτῶν
399 503 496 585 νεῶν,
525 504 560 568 ολ
576 499 613 568 δὲ
638 501 759 568 ἐνίκων
778 505 883 568 ναυσί
906 526 941 567 τε
969 498 1126 579 ἐπιόντας

108 607 164 675 καὶ
200 608 278 694 πεζῇ
315 603 394 686 τοδς
429 611 615 693 πολεμίους.
661 603 745 674 άλλόι
782 604 847 694 γδιρ
886 596 926 673 εὖ
961 608 1071 674 ποιῶν
1107 601 1126 672 ό

108 712 208 798 λόγος
235 714 288 780 ἐπὶ
314 709 375 781 τὸν
394 709 535 801 Ἕκτορα
554 715 609 781 καὶ
636 710 697 782 τὸν
715 711 934 800 Σαρπηδόνα,
962 708 1025 780 οὐκ
1044 709 1151 780 οἶδατ

68 815 213 905 Οόπως,
241 814 416 908 ὑπηνέχθη
450 821 506 888 καὶ
535 816 586 888 ἐπ’
617 817 700 888 αότό
733 820 773 904 γε’
798 838 884 905 φασι
915 820 984 886 τῶν
1016 823 1128 907 ἔργων

106 924 143 993 τὸ
172 926 371 1013 κεφάλαιον,
404 924 466 1014 τὴν
494 933 693 1015 καθαίρεσιν
720 927 782 994 τοῦ
807 930 952 1011 τείχους,
981 920 1039 1014 (ὃ)
1068 928 1127 1016 μιᾷ

108 1033 271 1122 πρότερον
308 1027 414 1123 ἡμέρη
450 1029 531 1112 τοὺς
564 1029 716 1119 Ἀχαιούς
752 1050 852 1120 φησι,
887 1034 950 1099 τοῦ
991 1037 1127 1101 Πυλίου

108 1141 312 1226 δημαγωγοῦ
357 1139 413 1206 καὶ
454 1141 616 1226 βασιλέως
657 1140 917 1225 ξυμπείθοντος,
958 1133 1129 1226 άρρηκτον

108 1248 202 1331 νηῶν
228 1270 263 1313 τε
291 1246 346 1313 καλ
375 1241 487 1313 αὐτῶν
515 1242 607 1335 εἶλαρ
635 1243 958 1314 κατασκευάσασθαι.
1004 1243 1127 1331 σχεδὸν
1142 1278 1167 1318 ιο

109 1351 173 1441 γάρ
201 1378 257 1438 μοι
284 1353 384 1420 τοῦτο
413 1358 568 1438 φαίνεται
595 1349 632 1420 τὸ
661 1350 901 1438 γενναιότατον
927 1351 996 1418 των
1015 1355 1128 1440 ἔργων

101 1454 269 1546 Ἕκτορος,
296 1459 352 1526 καλ
381 1455 456 1545 οὐχὶ
476 1457 631 1527 Γλαόκου
658 1458 756 1545 τέχνη
785 1471 938 1525 συνεῖναι
967 1451 1048 1524 οὐδὲ
1067 1477 1125 1526 σο·

110 1665 156 1750 τός
181 1667 350 1758 Ἀχιλλέως
376 1669 437 1758 μὲν
466 1673 631 1758 φανέντος

188 1811 329 1880 ἐδύσατο
360 1808 510 1899 οὐλαμὸν
538 1809 683 1901 ιἰνδρῶν,
1142 1844 1166 1886 ιι

63 1950 349 2041 ΒἏγαμέμυονος
377 1955 414 2023 δὲ
440 1970 510 2037 τοῖς
541 1955 674 2043 Τρωσὶν
708 1954 917 2041 ἐπικειμένου
944 1955 1000 2023 καὶ
1028 1957 1062 2036 ἐς
1088 1954 1127 2024 τὸ

107 2074 215 2148 τεῖχος
242 2060 508 2143 καταδιώξαντος
527 2060 668 2151 Ἕκτορα
696 2058 803 2146 ὕπαγε
831 2058 931 2146 Ζεός,
959 2064 1017 2128 ἵνα
1045 2057 1128 2130 ιἰπο-

107 2166 244 2249 σοόζοιτο
263 2165 344 2236 καθ’
375 2164 528 2257 ἡσυχίαν.
564 2172 777 2258 προσπαίζων
802 2166 839 2234 δέ
858 2161 964 2235 αὐτὸν
992 2161 1132 2257 ὁποιη-

107 2272 165 2360 της
197 2275 253 2342 καὶ
284 2277 476 2361 καταγελῶν
512 2278 570 2363 τῆς
606 2279 731 2354 δειλίας
768 2268 834 2362 ὑπὸ
866 2275 906 2361 τῇ
939 2277 1037 2366 φηγῷ
1071 2278 1128 2344 καὶ

108 2377 192 2469 πρός
219 2395 292 2462 ταῖς
318 2382 439 2462 πύλαις
465 2379 531 2469 ἤδη
550 2383 731 2473 καθημένω
751 2377 814 2468 τὴν
836 2370 918 2469 Ἶριν
945 2377 1039 2467 ἥκειν
1058 2386 1127 2470 ἔφη
1141 2411 1165 2451 ει

108 2484 199 2574 παρόι
226 2490 287 2555 τοῦ
315 2485 400 2568 Διὸς
427 2487 622 2576 φράζουσαν

180 2625 282 2718 ”οφρ’
305 2624 347 2697 άυ
365 2631 427 2717 μέν
444 2657 503 2699 κεν
523 2626 602 2721 ὁρᾷς
622 2625 850 2717 Ἀγαμέμνονα
872 2630 1014 2716 ποιμένα
1033 2632 1128 2698 λαόν

55 2750 89 2799 68
190 2732 334 2804 Θόνοντ’
370 2739 407 2804 έν
439 2737 676 2827 προμάχοισιν,
710 2737 888 2824 ἐναίροντα
921 2739 1033 2822 στίχας
1066 2732 1127 2805 άν-

909 2844 1018 2930 δρῶν,

191 2946 297 3037 Τόφρ’
328 2945 462 3023 ὑπόεικε
489 2950 602 3038 μάχης.
1143 2977 1167 3018 ν

178 3194 192 3242 7
220 3179 235 3242 ό
259 3192 320 3244 add.
339 3193 399 3243 Pet.
471 3194 486 3242 9
514 3181 708 3255 άρρηκτον-
728 3184 808 3252 εἶλαρ
829 3189 910 3243 Iliad.
937 3188 966 3253 ξ,
990 3193 1024 3242 56
1095 3194 1129 3244 10

110 3254 189 3324 εἶλαρ
206 3259 264 3311 VM
327 3263 357 3310 12
372 3257 459 3326 τέχνη
475 3263 550 3309 cant
568 3257 723 3322 (Heindorf.
735 3258 771 3307 ad
783 3259 855 3312 Plat
866 3257 1003 3309 Phaedon.
1015 3260 1065 3311 108
1078 3258 1127 3324 D),

111 3324 196 3396 τέχνη
213 3344 239 3378 v.
276 3327 328 3378 Sed
346 3328 442 3378 nescio
461 3343 497 3376 an
515 3322 618 3405 τέχνης
637 3330 730 3392 potius
748 3342 808 3376 cum
821 3326 937 3377 Re1sk10
950 3326 1128 3378 aanbandum

109 3345 158 3445 υἰέ
179 3345 230 3445 ’7115
248 3394 329 3448 Iliad.
349 3412 376 3458 υ,
395 3397 444 3446 379
515 3397 545 3445 17
564 3383 677 3473 ὕπαγε]
688 3394 766 3445 Iliad.
786 3395 815 3457 λ,
835 3396 883 3445 163
953 3396 985 3445 18
1007 3385 1022 3446 ό
1042 3411 1127 3462 ποιη-

110 3481 161 3528 της
185 3455 274 3514 αὐτόν
299 3463 328 3513 Μ
396 3466 429 3514 20
455 3454 527 3530 πρὸς
551 3467 615 3522 ταῖς
637 3455 742 3522 πάλαις
764 3458 801 3529 V]
829 3464 895 3522 ταις
917 3455 1024 3522 πάλαις
1092 3465 1128 3514 22

109 3532 190 3580 Iliad.
211 3532 234 3594 λ,
253 3533 302 3582 202
322 3533 327 3596 Ι
351 3521 431 3597 όφροι
449 3528 502 3597 μέν
520 3547 571 3584 κεν
589 3534 617 3582 Μ
