2370 3908
103 182 164 250 1'82
403 190 546 240 ιοιαιαι
566 189 813 240 Ιιιοειιαιοιιιε

101 343 161 384 του
189 314 430 404 καθαρότητος,
458 315 520 403 τήν
546 342 581 383 τε
610 317 646 383 ἐν
673 318 719 407 τῷ
747 315 859 407 κόσμω
887 316 963 405 περὶ
990 313 1028 384 τὸ
1056 316 1116 386 κύ-

100 431 168 512 κλῳ
197 422 386 509 φερόμενον
414 425 509 509 σῶμα
536 420 619 510 πρὸς
636 421 745 490 πάντα
773 418 873 509 ἀμιγῆ
901 420 943 489 τὰ
970 437 1116 509 στοιχεῖα

101 534 178 595 λίαν
219 530 378 616 εἰλικρινῆ
420 530 475 596 καὶ
517 525 673 617 καθαρὰν
714 526 820 614 φύσιν
856 523 1024 616 ἀχράντου
1060 531 1115 597 καὶ

102 638 280 720 δαιμονίου
310 634 472 721 σώματος,
501 630 685 722 εὑρήσομεν
704 635 760 702 καὶ
787 631 849 722 τὴν
867 636 927 702 τοῦ
955 635 1117 721 βασιλέως

97 735 213 809 Ἡλίου
241 738 395 829 λαμπρὰν
422 743 478 809 καὶ
506 737 673 828 ἀκήρατον
701 736 822 808 οάσίαν
845 736 973 827 ἀμφοῖν
1000 741 1141 828 μέσην,ε

57 848 158 933 Βτης
185 874 219 914 τε
247 849 284 914 έν
311 862 381 927 τοῖς
412 862 545 934 νοητοῖς
578 843 684 914 ἀύλου
712 845 941 934 καθαρότητος
973 847 1029 915 καὶ
1057 850 1116 934 τῆς

102 954 139 1019 έν
166 967 236 1034 τοῖς
260 958 435 1040 αἰσθητοῖς
454 951 621 1041 ἀχράντου
640 954 695 1020 καὶ
714 949 956 1041 ἀμιγοῦςπρδς
983 953 1116 1039 γένεσιν

100 1060 157 1125 καὶ
185 1057 324 1147 φθορὰν
350 1062 504 1147 καθαρᾶς
531 1064 749 1148 εἰλικρινείας.
787 1059 943 1145 μέγιστον
972 1058 1009 1126 δὲ
1035 1059 1113 1127 τού-

100 1191 163 1231 τον
191 1164 378 1252 τεκμήριον,
407 1161 457 1232 ὅτι
485 1163 568 1251 μηδὲ
595 1161 633 1232 τὸ
657 1167 740 1250 φῶς,
769 1160 786 1232 δ
815 1164 956 1252 μάλιστα
984 1167 1116 1234 ἐκεῖθεν

101 1271 154 1337 έκί
182 1272 247 1357 γῆν
275 1272 426 1360 φέρεται,
459 1276 687 1358 συμμίγνυταί
715 1298 781 1339 τινι
808 1270 892 1358 μηδέ
920 1267 1116 1358 ἀναδέχεται
1130 1300 1152 1340 ιο

101 1375 211 1463 ῥύπον
244 1378 299 1445 καὶ
332 1383 473 1464 μίασμα,
506 1379 597 1464 μένει
630 1376 667 1444 δὲ
699 1376 832 1457 κάντως
863 1379 900 1445 ἰν
932 1379 1015 1445 πᾶσι
1046 1391 1117 1458 τοῖς

102 1473 200 1548 οὖσιν
229 1479 396 1569 ἀχραντον
427 1485 484 1550 καὶ
512 1480 703 1570 ἀμόλυντον
730 1485 785 1552 καὶ
819 1479 955 1563 ἀπαθές.
1002 1488 1050 1551 ἔτι
1079 1482 1115 1551 δὲ

100 1590 301 1675 προσεκτέον
328 1603 398 1669 τοῖς
426 1585 541 1670 ἀάλοις
569 1593 672 1657 είδεσι
699 1591 755 1658 καὶ
784 1603 927 1676 νοητοῖς,
955 1585 1115 1657 ἀλλὰκαὶ

100 1708 169 1773 τοῖς
197 1699 381 1781 αἰσθητοῖς,
410 1692 473 1762 ὅσα
500 1696 575 1783 περὶ
603 1692 665 1783 τὴν
692 1692 778 1783 ὕλην
806 1696 897 1763 ἐστὶν
924 1690 944 1782 ἢ
972 1696 1048 1784 περὶ
1076 1693 1113 1763 τὸ

100 1794 330 1886 ἰκοκείμενον.
368 1797 620 1890 ἀναφανήσεται
647 1800 749 1869 πάλιν
777 1803 926 1869 ἐνταῦθα
953 1802 1057 1886 μέσον
1074 1799 1113 1869 τὸ
1128 1828 1152 1869 15

49 1904 229 1993 141νοερόν
256 1909 324 1974 τῶν
355 1909 431 1997 περὶ
462 1905 522 1976 τὸν
549 1909 655 1995 μέγαν
678 1904 796 1976 Ἥλιον
824 1910 941 1993 εἰδῶν,
973 1902 1036 1994 ἀφ’
1068 1897 1117 1975 ὦν

100 2012 155 2080 καί
193 2009 233 2079 τὰ
266 2014 340 2101 περὶ
377 2012 439 2102 τὴν
470 2012 557 2101 ὕλην
593 2018 666 2100 εἰδη
704 2020 878 2101 βοηθεῖται
914 2012 1040 2100 μήποτε
1073 2009 1117 2081 ἀν

101 2121 294 2204 δυνηθέντα
322 2119 402 2207 μήτε
421 2118 507 2187 εἰναι
526 2120 606 2207 μήτε
625 2119 790 2201 σώζεσθαι
808 2116 853 2207 μὴ
873 2115 952 2209 παρ’
983 2121 1116 2187 ἐκείνου

100 2220 183 2312 πρὸς
209 2223 271 2312 τὴν
300 2222 421 2294 οὐσίαν
450 2225 709 2315 συνεργούμενα.
754 2232 790 2292 τί
815 2225 892 2312 γάρ;
928 2221 988 2312 οὐχ
1017 2216 1117 2305 οὗτός

100 2333 169 2397 ε’στι
196 2334 254 2418 τῆς
282 2337 478 2420 διακρίσεως
510 2336 580 2400 τῶν
613 2335 713 2400 εἰδῶν
741 2332 797 2400 καὶ
825 2336 1030 2418 συγκρίσεως
1057 2334 1154 2418 τῆςεο

99 2433 181 2523 ὕλης
214 2447 332 2523 αἰτιος,
367 2435 408 2506 οὐ
440 2453 533 2506 νοεῖν
564 2433 644 2525 ἡμῖν
677 2433 782 2505 αὑτὸν
814 2437 921 2524 μόνον
948 2438 1115 2527 παρέχων,

100 2538 182 2608 ἀλλά
211 2545 265 2610 καὶ
294 2539 379 2630 δρᾶν
407 2541 567 2631 ὅμμασιν;
595 2539 615 2630 ἡ
645 2543 708 2631 γάρ
727 2569 779 2611 τοι
806 2547 875 2612 τῶν
903 2540 1049 2611 ἀκτίνων
1068 2548 1116 2624 εἰς

100 2646 207 2714 πάντα
238 2646 298 2716 τὸν
330 2648 457 2736 κόσμον
491 2648 633 2736 διανομὴ
661 2651 717 2717 καὶ
749 2645 769 2737 ἡ
799 2652 860 2717 τοῦ
893 2651 1004 2736 φωτος
1031 2650 1115 2717 ἕνω-

59 2766 152 2833 Βσις
178 2751 240 2841 τὴν
268 2753 511 2843 δημιουργικὴν
538 2758 746 2823 ἐνδείκνυται
765 2755 933 2845 διάκρισιν
955 2758 1013 2842 τῆς
1040 2779 1114 2824 ποι·

101 2858 215 2947 η’σεως.
1130 2892 1155 2931 ετ

179 2969 322 3034 Πολλῶν
350 2966 386 3035 δὲ
415 2964 524 3035 ὄντων
552 2971 598 3034 ένι
616 2968 691 3054 περὶ
718 2964 781 3054 τὴν
800 2963 921 3034 οὐσίαν
943 2969 1005 3034 τοῦ
1027 2971 1117 3036 θεοῦ

99 3073 167 3138 τῶν
196 3074 411 3159 φαινομένων
440 3070 596 3159 ἀγαθῶν,
625 3069 645 3139 ἀ
674 3069 715 3159 δὴ
745 3069 797 3140 ὅτι
824 3074 923 3158 μέσος
950 3073 1019 3140 ἰστλ
1047 3076 1117 3141 τῶν

168 3287 342 3352 8καθαρᾶς
359 3289 436 3354 libri]
458 3288 508 3340 καλ
527 3287 664 3353 καθαροῖς
696 3288 701 3354 Ι
733 3281 838 3341 τούτου
856 3287 1007 3355 VMbEF]
1028 3288 1117 3341 τοῦτο

101 3359 132 3406 10
150 3352 216 3422 γῆν]
236 3354 289 3422 γῆς
307 3356 449 3407 MbEFG
530 3360 562 3408 15
585 3349 787 3424 ἀποκείμενον.
818 3351 1042 3421 ἀναφανήσεται
1060 3351 1117 3407 mi·

100 3425 144 3473 λιν
167 3425 241 3474 inter
262 3425 342 3505 ungit
364 3423 487 3479 Marcil..
512 3417 707 3491 ὑποκείμενον
728 3415 961 3487 ἀναφανήσεται.
989 3415 1079 3475 κάλιν
1098 3442 1117 3475 v

99 3493 132 3540 21
152 3441 260 3557 (1231va
280 3485 355 3542 αυτοὶ
374 3491 434 3545 scil.
457 3486 493 3542 τοὶ
513 3491 576 3558 εἴδη
595 3492 702 3542 Marcil.
723 3551 730 3570 Ι
775 3495 808 3542 23
826 3487 923 3542 τιάντα
940 3487 976 3556 V]
996 3481 1118 3571 &navum

99 3560 133 3608 24
151 3553 298 3624 διάκρισιν
316 3558 367 3624 τῆς
384 3554 525 3624 ποιήσεως
544 3559 577 3626 V]
596 3558 648 3626 τῆς
659 3572 801 3625 ποιησεως
814 3555 959 3623 διάκρισιν
1016 3561 1049 3609 27
1068 3575 1117 3611 οτι
