2392 3960
416 167 622 220 EPISTOLAE
640 170 682 220 τι.
702 172 745 221 ετ.
1021 171 1085 238 533

12 328 28 390 χ
68 300 202 389 συμβὰν
229 301 275 381 ὦς
301 299 521 389 ἀνθρώπινον
548 304 605 371 καί
631 304 668 373 τὸ
693 306 810 394 φέρειν
832 304 878 386 ὥς
900 305 1085 394 ἀναγκαῖον

12 458 28 502 ³1
67 408 123 476 καί
159 405 196 476 τὸ
233 408 339 494 μηδὲν
376 409 412 476 ἐκ
446 412 509 477 τοῦ
544 413 673 496 μάλλον
709 408 823 498 ἀλγεῖν
860 416 948 500 ἔχειν
982 415 1084 483 πλέον

12 534 28 599 ,.’
69 512 224 603 [εύρεῖν],
250 515 305 581 καί
328 513 436 582 πάντα
459 512 522 583 ὅσα
546 515 655 584 ἐδόκει
677 502 768 606 πρὸς
782 517 845 606 την
868 512 929 588 τοῦ
951 519 1085 600 πάθους

19 672 27 706 ,
66 624 287 709 παραμυθίαν
310 614 487 708 ἁρμόττειν
509 619 555 701 ὡς
577 620 768 708 ἀγνοοῦντα
786 623 990 695 διδάσκοντι.
1014 627 1084 695 ἐπεὶ
1097 657 1124 700 τι

11 716 106 814 ,οδε
143 723 283 811 αἰσχρὸν
319 722 464 814 ἡγοῦμαι
500 725 585 816 πρὸς
619 726 728 817 ἀνδρα
764 731 820 799 καί
851 731 942 811 τοὺς·
962 731 1085 813 ἀλλους

19 908 22 915 ,
65 840 244 900 νουθετεῖν
271 831 384 899 εἰδότα
410 842 583 900 ποιεῖσθαι
610 833 747 920 λόγους,
777 829 829 915 οἰς
850 835 913 923 χρὴ
936 835 1016 924 τοῦς
1037 838 1083 927 μὴ

11 992 17 1021 ·.
65 941 197 1017 εἰδότας
217 950 408 1025 σωφρονεῖν
425 939 608 1026 παιδεύειν,
632 942 713 1030 φέρε
731 961 785 1010 σοι
803 943 844 1011 τά
862 943 947 1013 ἀλλα
964 945 1080 1032 παρεὶς
1096 931 1133 1012 D⁸

63 1042 191 1132 ἀνδρὸς
210 1039 300 1133 (εἰτ’)
324 1052 404 1111 εἰπω
428 1048 538 1132 σοφοῦ
561 1050 677 1133 μῦθον
694 1057 759 1117 εἰτε
778 1047 819 1136 δὴ
839 1049 943 1136 λόγον
961 1046 1083 1139 ἀληθῆ,

64 1155 120 1221 σοί
152 1150 215 1237 μὲν
246 1158 327 1228 ἰσως
356 1146 398 1217 ού
425 1151 538 1236 ξένον,
569 1161 640 1233 τοῖς
665 1161 796 1223 πλείοσι
825 1157 879 1241 δέ,
912 1153 957 1235 ἀς
984 1155 1083 1244 εἰκός,

16 1285 49 1327 ιο
64 1259 257 1346 άγνωστον,
289 1247 316 1346 ᾦ
349 1256 391 1343 δὴ
420 1258 476 1325 καί
503 1257 596 1350 μόνῳ
623 1260 831 1348 χρησάμενος
860 1260 970 1351 ὥσπερ
999 1289 1083 1350 φαρ·
1170 1336 1174 1343 ,

63 1367 159 1456 μάκῳ
196 1371 361 1448 νηπενθεῖ
393 1362 493 1431 λύσιν
528 1359 572 1432 ἀν
608 1362 720 1454 εὕροις
755 1371 817 1435 τοῦ
852 1369 985 1449 πάθους
1019 1366 1082 1438 οῦκ

62 1472 187 1542 ἐλάττω
210 1472 269 1554 τῆς
290 1467 435 1555 κύλικος,
457 1465 501 1557 ἣν
519 1468 539 1557 ἡ
559 1469 712 1540 Λάκαίνα
730 1475 775 1565 τῷ
799 1473 977 1567 Τηλεμάχῳ
995 1467 1082 1562 προς

60 1579 101 1650 τὸ
127 1589 202 1647 ἰσον
224 1581 282 1664 της
303 1581 415 1664 χρείας
433 1573 544 1668 όρίξαι
562 1578 758 1647 πιστεύεται.
784 1581 867 1668 φασί
885 1580 949 1668 γάρ
965 1581 1133 1669 Δημύλου

61 1713 180 1775 κριτον
201 1684 262 1754 τὸν
282 1680 490 1773 Ἀβδηρίτην,
514 1684 626 1772 ἐπειδὴ
642 1691 776 1776 Δαρείῳ
799 1686 959 1772 γυναικὸς
976 1692 1083 1775 καλῆς

10 1814 46 1860 15
62 1792 224 1880 ἀλγοῦντι
250 1791 404 1859 θάνατον
432 1787 493 1859 οῦκ
520 1789 608 1878 εἰχευ
631 1789 694 1876 ό,τι
717 1787 760 1860 ἀν
784 1790 887 1860 εἰπὼν
910 1797 957 1873 εἰς
978 1819 1095 1884 παρα-ι

61 1906 196 1989 μυθίαυ
219 1899 398 1989 ἀρκέσειεν,
423 1893 631 1984 ὑποσχέσθαι
655 1901 691 1966 οἰ
709 1896 772 1984 την
796 1895 1013 1968 ἀπελθοῦσαν
1036 1907 1083 1982 εἰς

62 2010 138 2094 φῶς
160 2004 306 2090 ἀνάξειν,
329 2001 373 2092 ἢν
396 2002 540 2093 ἐθελήση
563 2008 632 2072 τῶν
650 2008 697 2084 εἰς
715 2003 777 2091 τὴν
795 2010 911 2092 χρείαν
928 2002 1082 2093 ἡκόντων

63 2113 250 2200 ὑποστῆναι
272 2110 336 2198 τὴν
357 2115 530 2198 χορηγίαν.
556 2109 774 2190 κελεύσαντος
797 2107 829 2178 δ’
846 2113 977 2180 ἐκείνου
1000 2118 1082 2200 μηδ-

62 2218 141 2298 ενὸς
172 2224 369 2305 φείσασθαι,
406 2214 468 2301 ό,τι
500 2212 532 2283 δ’
564 2211 607 2283 ἀν
639 2216 694 2304 ἐξῇ
726 2216 889 2303 λαβόντα»
905 2217 968 2306 τὴν
999 2217 1082 2289 ὑπό.

10 2345 50 2393 20
65 2346 182 2412 σχεσιν
214 2325 416 2411 ἐμπεδωσαι,
452 2320 573 2411 μικρὸν
605 2321 784 2409 ἐπισχόντα
811 2322 937 2411 χρόνον
966 2330 1124 2415 εἰπεῖν,Β

53 2431 117 2501 ότι
147 2430 188 2499 τά
220 2430 282 2517 μὲν
314 2426 398 2497 ἀλλα
425 2425 515 2520 αύτῷ
545 2426 629 2517 πρὸς
655 2427 717 2515 τὴν
739 2429 805 2515 ἶτοῦ
833 2432 935 2514 ἔργον
961 2433 1083 2518 πρᾶξιν

63 2541 323 2626 σνμπορισθείη,
345 2532 455 2622 μόνου
478 2533 516 2601 δὲ
540 2533 615 2613 ἑνὸς
636 2533 846 2621 προσδέοιτο,
869 2528 887 2602 ό
913 2533 955 2622 δὴ
977 2533 1083 2607 αύτὸν

63 2644 128 2734 μὲν
152 2641 214 2712 οὐκ
237 2647 324 2728 ἔχειν
347 2638 435 2720 ὅπως
457 2635 500 2709 ἀν
523 2639 632 2726 λάβοι,
655 2649 804 2730 Δαρεῖον
823 2640 861 2710 δὲ
879 2639 925 2722 ιὸς
943 2646 1082 2729 βασιλέα

64 2751 147 2837 ὅλης
168 2753 226 2836 τῆς
245 2748 355 2827 Ἀσίας
377 2743 419 2815 ού
440 2750 589 2834 χαλεπάς
610 2743 655 2816 ἀν
673 2755 753 2827 ίσως
771 2744 890 2836 εὑρεῖν.
919 2749 1083 2839 ἐρομένου

135 2916 150 2964 3
169 2905 264 2976 εῦρεῐν
283 2910 414 2976 expunxit
432 2909 517 2960 Hrch.
570 2911 587 2961 ὁ
606 2903 725 2976 αἰσχρόν
741 2907 780 2975 Η]
799 2907 933 2978 αἰσχιονΙ
959 2909 1009 2963 καί
1027 2913 1083 2969 huc

63 2981 236 3044 transposuit
259 2977 408 3029 Horkelius
433 2976 518 3042 vulgo
544 2977 618 3028 infra
645 2981 709 3028 ante
734 2973 891 3030 παιδεύειν
914 2975 1096 3033 collocatum·

63 3050 80 3099 6
99 3047 254 3098 νουθετεῖν
274 3040 375 3098 εἰδότα
392 3045 456 3095 Bar.
474 3042 526 3112 Pk]
545 3043 748 3122 νουθετοῦντα
816 3048 831 3096 ’ἰ
850 3050 1012 3113 σωφρονεῖν
1030 3045 1082 3099 καλ

62 3108 219 3167 παιδεύειν
236 3116 282 3177 ν,’
299 3111 486 3179 σωφρονίζειν
510 3110 560 3164 καὶ
577 3110 730 3165 παιδενειν
752 3111 837 3166 Ηττλι.
874 3113 953 3177 „Aut
969 3112 1020 3167 καί
1038 3120 1083 3167 est

64 3182 220 3244 delendum,
240 3186 289 3232 aut
299 3179 352 3252 λος.
364 3183 534 3244 σωφρονεῖν,
552 3177 742 3259 τωφρονίζειη
754 3176 804 3232 καλ
816 3172 1000 3262 πμιδεάειν.“
1013 3183 1081 3235 Rsk.

63 3248 158 3331 81εἰτε
176 3253 238 3316 post
257 3246 351 3368 ροῳομῑ
368 3246 431 3303 add.
443 3247 601 3330 qukeliqs,
618 3262 669 3315 ego
683 3245 726 3327 εἰτ
751 3246 935 3327 μοτλμυδρος
947 3248 1082 3330 (μολετιιμ

65 3325 150 3370 enam
167 3322 230 3367 ante
249 3334 285 3367 αν
308 3313 384 3381 ρος),
402 3331 437 3366 ne
455 3314 549 3367 hmtus
566 3315 704 3367 mseratur
760 3317 792 3368 13
810 3312 909 3380 ορίξαι
927 3313 1002 3384 Ban}
1020 3307 1082 3383 ἀρε-

64 3385 176 3451 ξασθαι
192 3382 196 3450 Ι
211 3378 265 3451 γάρ
284 3383 326 3435 Pk
344 3382 398 3434 ald.
416 3379 506 3449 mart]
525 3379 577 3435 καὶ
645 3384 678 3434 16
697 3387 725 3434 ετ
744 3384 775 3436 17
805 3379 848 3443 εἰς
865 3375 898 3435 τό
918 3382 979 3449 φῶς
997 3384 1081 3445 Hroh.

63 3461 96 3505 ut
115 3454 206 3518 Epist.
218 3454 259 3507 59.
277 3468 303 3517 p.
314 3451 390 3502 1151
409 3451 494 3516 Heyl.
518 3449 658 3505 Atticulae
674 3465 739 3502 vero
758 3451 837 3502 abest
856 3451 939 3503 14οΒ
957 3457 986 3502 et
998 3448 1081 3503 2200

65 3523 98 3573 18
118 3525 146 3571 et
165 3523 196 3571 19
214 3512 341 3584 μηδενὸς
359 3489 436 3579 λλον]
455 3535 494 3584 μη
564 3520 598 3570 24
615 3514 667 3585 τῆς
684 3506 753 3585 ῦλης
767 3511 859 3578 Ἀτίας
878 3518 919 3569 Pk
1002 3543 1006 3550 ·
