2392 3960
501 175 635 227 ORATIO
657 176 680 229 Ι.
1058 171 1099 236 29

79 329 176 391 μενοι
204 299 285 390 μετὰ
318 303 387 369 των
420 298 541 369 ὅπλων
561 308 660 371 ε”θεον
698 298 742 382 ὡς
770 304 907 382 ἕκαστος
934 300 1000 390 εἶχε
1033 301 1098 389 ῥαί-

79 437 145 498 μης
176 435 211 476 τε
244 409 301 477 καὶ
332 407 468 495 τάχους,
501 405 632 497 ἀπειροι
664 408 725 497 μὲν
758 406 853 488 όντες
889 405 984 477 αὐτοὶ
1018 411 1099 490 τέως

79 518 140 603 τής
175 517 237 603 σής
275 520 487 604 στρατηγίας,
529 520 576 595 είς
614 514 651 582 δὲ
687 512 749 602 τήν
785 510 928 602 ήλικίαν·
955 511 1139 603 όρῶντεςΒ
1171 504 1185 529 '

80 619 222 709 ἀμεινον
250 616 417 689 αὐτῶντὸ
439 623 613 711 συμφέρον
631 628 759 710 κρίνειν
782 613 883 709 ήττον
911 623 1097 690 ἐπίστευον·

50 729 137 803 τκαὶ
175 725 212 795 τό
249 724 374 806 πολλὰς
410 726 715 817 συνκατειργάσθαι
751 730 796 818 τῷ
833 729 932 817 πατρί
968 731 1013 819 τῷ
1051 730 1099 818 σῷ

80 833 190 921 μάχας
216 834 273 901 καὶ
305 836 466 921 κρατήσαι
498 836 670 921 πανταχοῦ
702 836 747 925 τῷ
777 838 890 901 δοκεῖν
918 830 1100 921 ἀηττήτους

79 937 171 1008 εἶναι
199 945 452 1026 συνηγωνίζετο.
497 939 627 1008 τούτων
655 939 692 1008 δέ
725 936 867 1019 οὐδενὸς
899 944 1035 1008 ἔλαττον
1062 937 1100 1008 τὸ

79 1043 255 1135 παρεστώς
278 1052 491 1135 Παρθυαίων
519 1048 595 1126 δέος
622 1048 745 1135 ἐπῆρεν
773 1041 817 1126 ὡς
845 1043 908 1114 οάκ
936 1043 1099 1132 ἀγωνισο-

81 1153 207 1240 μένους
233 1151 317 1241 πρὸς
343 1150 422 1232 τοὺς
450 1149 576 1241 ἀνδρας
594 1152 711 1240 μόνον,
740 1148 822 1220 ἀλλά
849 1154 905 1219 καὶ
933 1150 1017 1239 πρὸςΙ
1038 1150 1100 1240 τήν

38 1292 67 1331 10
82 1258 199 1347 χώραν
226 1255 333 1345 αὐτήν
365 1264 437 1345 καί,
470 1268 504 1326 εί
526 1286 558 1325 τι
585 1265 696 1346 μεῖζον
729 1260 855 1338 ἔξωθεν
887 1264 1100 1345 προσπίπτοι,

82 1366 141 1434 καί
167 1365 291 1433 τούτου
319 1364 451 1446 πάντως
478 1365 712 1452 κρατήσοντας.
748 1367 871 1451 ταχέως
890 1355 953 1432 οὖν
982 1363 1100 1433 ἑκατὸν

83 1469 207 1559 μεταξὺ
249 1471 367 1539 στάδια
410 1470 591 1560 δραμόντες
631 1470 868 1558 ἐφειστήκεσαν
905 1467 970 1557 ήδη
1007 1478 1139 1559 new-0

82 1583 222 1658 θναίοις
255 1582 302 1657 είς
333 1574 370 1644 τὸ
409 1592 515 1665 τεῖχος
546 1575 851 1663 καταπεφευχόσιυ,
886 1572 903 1645 ὃ
937 1576 1101 1665 πρότερον

83 1680 149 1770 ήδη
178 1689 336 1770 πεποίητο
365 1688 484 1769 σφίσιν
513 1680 622 1770 ὥσπερ
651 1682 885 1770 στρατόπεδον.
923 1683 1044 1769 ἑσπέρα
1064 1682 1101 1750 δὲ

43 1820 72 1863 ιτ
85 1779 130 1876 ἦν
156 1787 276 1858 λοιπόν
304 1790 358 1857 καὶ
378 1784 396 1857 ὁ
415 1789 557 1876 πόλεμος
585 1786 732 1857 αὐτόθεν
751 1789 1006 1878 ξυνερρήγνυτο.
1044 1790 1100 1856 καὶ

83 1893 122 1963 τὸ
151 1894 212 1983 μὲν
244 1910 351 1984 τεῖχος
384 1898 539 1984 αἱροῦσιν
572 1892 698 1975 εὐθέως
730 1892 809 1975 τοὺς
838 1892 1100 1984 (ἀμυνομένους)

83 1998 169 2091 ὑπὲρ
197 1998 303 2070 αὐτοῦ
331 2007 529 2092 κτείναντες·
557 2001 732 2087 γενόμενοι
759 2000 796 2068 δὲ
825 2011 902 2069 εῖσω
930 2004 998 2068 τῶν
1026 2003 1101 2090 ἐρυ-

84 2107 199 2195 μάτων
234 2106 344 2177 πολὺν
380 2108 441 2196 μὲν
477 2104 656 2196 ήρίστευον
692 2107 830 2194 χρόνον,
868 2103 933 2175 ὑπὸ
972 2107 1008 2174 δὲ
1040 2110 1101 2175 τοῦ

86 2219 209 2296 δίψους
237 2211 450 2304 ἀπειρηκότες
476 2211 541 2301 ήδη
569 2215 624 2282 καὶ
644 2213 778 2292 λάκκοις
795 2210 917 2292 ὕδατος
945 2213 1100 2301 ἐντυχόν-

44 2347 138 2402 τοτες
166 2326 277 2407 ἔνδον,
304 2319 366 2408 τήν
393 2327 571 2407 καλλίστην
598 2327 697 2407 νίκην
721 2320 921 2408 διέφθειραν
949 2322 1004 2387 καὶ
1031 2334 1102 2400 τοῖς

83 2433 255 2514 πολεμίοις
273 2430 441 2517 παρέσχον
460 2424 735 2515 ἀναμαχέσασθαι
753 2424 790 2494 τὸ
810 2440 965 2511 πταῖσμα.
1002 2428 1100 2493 τοῦτο
1119 2434 1144 2487 D

83 2535 178 2614 τέλος
205 2536 263 2622 τής
281 2535 385 2621 μάχης
408 2535 536 2621 έκείνης
564 2536 690 2620 μέμονε,
718 2546 806 2621 τρεῖς
823 2532 884 2620 μὲν
907 2527 927 2619 ή
947 2533 1102 2620 τέτταρας

85 2636 295 2728 ἀφελομένης
322 2644 389 2708 τῶν
416 2637 495 2730 παρ’
526 2635 622 2728 ήμῖν,
655 2645 868 2728 Παρθυαίων
896 2638 934 2707 δὲ
960 2639 1020 2707 τὸν
1048 2639 1101 2705 ἐπὶ

154 2876 171 2924 4
196 2867 291 2924 αυτῶν
313 2872 372 2922 VM
440 2875 456 2923 6
479 2864 510 2923 τὸ
531 2870 670 2923 δοκεῑνῑ7
695 2861 742 2934 Ι’
719 2866 884 2955 ἀηττήτους
903 2863 976 2935 Η]
959 2867 1101 2938 αήττητος

86 2942 110 2986 V
112 2931 274 3007 ,ἀήττητοι
294 2957 310 2988 v
379 2942 394 2989 8
417 2932 563 3004 παρεστώς
582 2937 763 3002 Παρθυαίων
783 2935 848 2998 δέος
854 2936 900 3017 V]
920 2939 1101 3018 Παρθυαίων

87 2983 154 3089 δέος
168 3003 336 3088 παρεστώς.
376 3010 436 3072 Ego
466 3007 559 3058 malim
589 3006 777 3072 Παρθυαίοις
808 3006 811 3072 Ι
843 3024 880 3065 ως
904 2998 956 3057 οάκ
980 3005 1101 3140 ὃοδαελή

86 3067 744 3225 {33354034Vz23⁹45⁰v⁶VVJVVQV
758 3071 809 3206 ’λδ
823 3062 1045 3209 ῗρίήλλίιξί
1064 3092 1102 3193 '1²2

86 3206 255 3291 δραμόντες]
282 3204 515 3289 διαδραμόντεςῖ
597 3213 630 3260 14
654 3209 804 3276 πεποίητο]
834 3211 925 3290 Ιιμιυο
948 3202 1102 3294 ἐπεποίητο

88 3282 120 3331 16
145 3271 253 3331 αὐτόθι
276 3281 300 3329 V
381 3281 412 3329 16
439 3269 639 3345 ἀμυνομένους
663 3279 724 3329 add.
748 3281 789 3341 H,
817 3270 883 3337 τοὺς
909 3269 984 3357 ήπερ
1011 3271 1102 3328 αὐτου

87 3344 267 3413 μαχομένους
284 3346 396 3398 volebat
414 3347 583 3397 Rsk.17
606 3345 772 3405 κτείναντες
782 3316 881 3398 καῖ’
863 3340 1026 3411 αμόναντες
1044 3346 1102 3393 VM

89 3418 120 3466 19
143 3421 169 3466 et
192 3417 226 3465 20
252 3408 419 3481 ἐντυχόντες
442 3410 527 3466 ἔνδον
550 3411 590 3480 V]
620 3410 705 3466 ἔνδον
710 3393 895 3533 ἐντυχόντες
964 3416 994 3462 21
1020 3418 1047 3462 et
1069 3415 1102 3461 22

86 3481 173 3535 τοῦτο
195 3474 228 3533 τό
251 3477 330 3542 τέλος
354 3483 464 3534 Schaef
543 3484 575 3532 λλ
603 3481 654 3547 τῆς
677 3476 770 3548 μάχης
808 3480 905 3547 κείνης
927 3479 960 3546 V]
988 3474 1102 3546 ἐκείνης

87 3549 139 3617 τῆἳ
156 3566 250 3617 μαλλΐ
