2370 3908
99 196 162 259 334
397 198 539 247 IULIANI
563 195 812 247 ιιινυακιοκιε

48 324 251 414 νοερώτερον
280 322 346 411 μὴν
378 323 508 404 τούτοις
545 327 758 412 συγχωρῆσαι
789 329 903 411 τρίτον
935 329 1008 391 δεῖν
1042 325 1114 392 ἕπε-

101 441 182 498 σθαι
214 432 363 517 τέχνην.“
410 427 479 497 εἶτα
512 425 631 497 όποῖου
664 428 750 497 εἶναι
783 426 843 517 χρὴ
872 429 932 499 τὸν
960 435 1115 517 τεχνίτην

100 538 155 604 καὶ
193 533 400 624 δημιουργὸν
437 539 504 603 τών
540 538 652 604 καλών
689 535 840 624 πράξεων
876 537 932 604 καὶ
974 530 1114 622 βασιλέα

99 642 183 711 θεὸν
202 638 422 731 ὑπογράφων
451 642 656 728 ,,Γινώσκων
675 638 693 708 ὁ
712 640 845 729 Κρόνος
864 640 940 730 ἀρα,
958 640 1113 730 καθάπερ

99 745 202 835 ἡμεῖς,
231 755 324 836 φησί,
355 748 610 835 διεληλύθαμεν,
639 743 683 828 ώς
702 744 899 836 ἀνθρωπεία
927 747 1032 835 φύσις
1056 743 1136 815 ού-ι»

99 859 188 943 δαμῇ
217 853 358 943 ούδεμιά
387 853 484 941 ἱκανὴ
513 853 553 921 τὰ
582 851 782 942 ἀνθρώπινοι
810 857 985 923 διοικοῦσα
1014 851 1113 921 αύτο-

98 962 229 1050 κράτωρ
257 962 364 1029 πάντα
384 960 426 1047 μὴ
448 959 508 1047 οὐχ
528 958 656 1049 ὕβρεώς
683 987 716 1028 τε
740 961 795 1028 καὶ
824 958 954 1040 ἀδικίας
973 961 1112 1047 μεστοῦ-

57 1077 198 1149 Βσθαι,
226 1064 317 1134 ταῦτ’
350 1059 413 1134 οὖν
441 1066 683 1153 διανοούμενος
710 1069 827 1154 ἐφίστη
855 1067 929 1135 τότε
956 1066 1113 1153 βασιλέας

98 1175 153 1240 καὶ
186 1171 348 1261 ἀρχουτας
384 1187 455 1252 ταῖς
492 1173 628 1240 πόλεσιν
666 1169 760 1260 ἡμῶν
797 1170 860 1241 ούκ
896 1169 1111 1260 ἀνθρώπους,

98 1276 181 1347 ἀλλὰ
210 1281 329 1363 γένους
347 1281 522 1367 θειοτέρου
546 1279 600 1347 καὶ
619 1262 807 1366 ἀμείνονος,
835 1284 1008 1366 δαίμονας,
1037 1270 1145 1345 οἷονιι

98 1388 164 1452 νύν
196 1381 289 1471 ἡμεῖς
322 1389 454 1473 δρώμεν
491 1400 560 1464 τοῖς
591 1390 746 1472 ποιμνίος
777 1386 832 1452 καῖ
866 1382 957 1452 ὅσων
994 1379 1114 1471 ἥμεροί

99 1497 185 1558 εἰσιν
213 1488 340 1575 ἀγέλαι·
374 1488 415 1558 ού
444 1493 526 1577 βοῦς
555 1494 646 1576 βοώυ
680 1487 760 1559 οὐδὲ
788 1489 885 1576 αἶγας
917 1492 1025 1576 αίγών
1054 1486 1111 1579 ἀρ-

97 1623 217 1685 χουτας
252 1599 415 1683 ποιοῦμεν
452 1593 567 1676 αὐτοῖς
607 1623 719 1683 τινας,
757 1593 828 1665 ἀλλ’
868 1593 962 1684 ἡμεῖς
999 1590 1111 1663 αύτών

99 1702 315 1788 δεσπόζομεν,
348 1700 486 1789 ἀμεινον
514 1704 651 1770 ἐκείνων
682 1704 787 1788 γένος.
832 1698 957 1771 ταύτὸν
985 1699 1028 1788 δὴ
1057 1700 1112 1769 καί

99 1803 116 1875 ό
144 1806 225 1887 θεὸς
253 1807 494 1896 φιλάνθρωπος
526 1804 574 1875 ών
608 1805 684 1894 [τὸ]
718 1810 815 1892 γένος
846 1806 986 1896 ἄμεινον
1017 1803 1144 1894 ἡμώνιι

98 1916 216 2000 ἐφίστη
243 1911 280 1981 τὸ
309 1917 377 1982 τών
406 1913 593 2001 δαιμόνων,
627 1909 644 1980 ὃ
674 1910 729 1981 διὰ
758 1917 881 2001 πολλῆς
908 1913 970 2000 μέν
998 1908 1113 1991 αὐτοῖς

32 2017 34 2023 ’
59 2019 286 2111 Ορηιστώνης,
315 2019 372 2089 διὰ
399 2021 521 2107 πολλῆς
549 2015 581 2086 δ’
611 2015 707 2106 ἡμῖν,
740 2019 977 2107 ἐπιμελόμενον
1005 2013 1112 2106 ἡμῶν,

98 2127 237 2216 εἰρήνην
264 2153 298 2194 τε
325 2129 380 2195 καὶ
410 2129 494 2193 αι’δώ
527 2126 583 2193 καὶ
612 2122 654 2211 δὴ
682 2122 857 2212 ἀφθονίαν
889 2129 985 2213 δίκης
1013 2148 1113 2212 παρε-

97 2234 251 2321 χόμενον,
275 2229 478 2301 ἀστασίαστα
496 2232 553 2299 καὶ
572 2227 755 2318 εὐδαίμονα
774 2228 814 2299 τόι
832 2233 900 2298 τών
919 2227 1115 2318 ἀνθρώπων

99 2336 309 2428 ἀπειγράζετο
337 2341 427 2426 γένη.
473 2338 560 2424 λέγει
588 2334 630 2424 δὴ
657 2338 713 2405 καλ
740 2339 807 2404 νῦν
839 2327 938 2416 οὗτος
965 2332 984 2404 ὃ
1012 2336 1148 2422 λόγοςω

99 2441 240 2534 ἀληθεία
267 2443 452 2533 χριόμενος,
481 2441 572 2511 ὅσων
598 2442 729 2512 πόλεων
756 2441 801 2531 μὴ
828 2442 925 2527 θεός,
953 2438 1038 2510 ἀλλά
1064 2468 1116 2522 τις

99 2548 191 2639 ἀρχει
222 2550 362 2637 θνητός,
396 2548 458 2618 οόκ
490 2555 559 2617 ἐστι
591 2552 704 2617 κακών
736 2546 852 2630 αὐτοῖς
884 2545 965 2617 οὐδὲ
997 2547 1116 2616 πόνων

99 2654 279 2737 ἀνάφυξις·
317 2653 400 2724 ἀλλὰ
435 2665 609 2744 μιμεῖσθαι
648 2660 720 2723 δεῖν
756 2651 843 2743 ἡμᾶς
883 2662 986 2724 οἴεται
1023 2654 1116 2742 πόση

167 2826 180 2872 1
205 2814 318 2879 τούτοις
336 2821 530 2888 συγχωρῆσαι·
554 2820 651 2884 τρίτον
664 2824 709 2900 J,
731 2821 829 2887 τρίτον
847 2818 1029 2887 ξυγχωρῆσαι
1046 2815 1117 2872 τού·
1143 2812 1153 2831 ’

99 2906 158 2949 τοις
181 2888 253 2939 Plat.
271 2894 324 2954 pet.
345 2889 440 2954 spanh.
473 2887 479 2954 γ’
511 2887 584 2955 δεῖν]
608 2883 637 2939 δ’
656 2905 695 2954 ην
716 2888 741 2938 V
826 2885 950 2952 4θεόν]
973 2888 1063 2939 θεῖον
1088 2888 1117 2938 Η

99 2958 263 3022 5—p.335‚9
281 2951 430 3023 γινώσκων
447 2954 634 3022 -σωτηρίας
651 2951 781 3023 μηχανη]
800 2956 970 3021 Plat.Legg.
984 2955 1025 3005 IV
1037 2953 1117 3008 ⁷130

98 3026 227 3105 -νῖιῖΑί
250 3023 254 3088 Ι
286 3015 453 3102 γιγνώσκων
468 3024 543 3076 Plat.
612 3015 761 3092 ὀούδαμῇ
780 3025 860 3076 abest
878 3024 952 3089 apud
969 3021 1044 3104 Pla).
1099 3024 1115 3073 6

98 3093 319 3210 ἳῖἶῖἶρύῖἓῗΪ
352 3092 880 3223 ιιῖἷοῖἶιέἐῗάώθλἷιῗόιμιάιῗί
892 3089 1116 3210 ἶίῗέῗάἱέῖ

98 3226 224 3277 Platonis
242 3227 307 3277 libri
325 3229 425 3293 partim
507 3230 539 3277 ω
558 3219 628 3280 σοι
646 3230 671 3279 v
689 3232 718 3279 ιι
736 3225 819 3292 εισι]
837 3217 904 3280 οὐδ’
986 3226 1019 3276 ιε
1038 3217 1113 3277 ωιῖ

98 3294 171 3345 Plat.
253 3297 285 3345 15
307 3286 322 3345 ό
347 3288 418 3354 θεός
442 3285 499 3360 ἄρα
521 3292 572 3345 καὶ
595 3295 658 3360 φιλ.
679 3295 748 3345 Plat.
781 3293 786 3355 Ι
817 3287 850 3346 τὸ
873 3291 1115 3360 apud·Plat0n0m

99 3357 297 3414 Stallbaumius
324 3368 400 3413 reete
427 3365 505 3413 uncis
532 3362 724 3427 circumsepsit
808 3365 840 3413 17
867 3357 918 3413 διὰ
940 3360 1023 3412 abest
1040 3359 1114 3426 apud

98 3431 183 3493 plat„
201 3429 336 3480 inclusum
354 3431 383 3479 in
401 3435 457 3495 pet.
479 3435 508 3480 et
526 3430 621 3494 spanh.
653 3427 659 3494 Ι
691 3421 917 3494 ἐπιμελούμενον
935 3427 1009 3481 ΡΙσῖ.
1081 3429 1113 3480 18

99 3493 173 3551 αίδώ
191 3493 278 3617 Plan}
294 3492 366 3550 αίδώ
399 3497 403 3564 1
435 3494 486 3549 καὶ
504 3493 623 3576 δήχκαί
642 3490 784 3561 εύνομίαν
801 3495 851 3548 καὶ
868 3496 939 3551 plat.
1021 3499 1056 3548 20
1074 3491 1112 3560 δι)

98 3563 264 3632 ῩΡΙοῖ.]δ
347 3568 378 3616 21
398 3558 436 3625 ὥς
453 3556 527 3618 ὅσων
546 3581 584 3614 αν
602 3564 675 3614 Plat.
745 3566 777 3613 22
795 3554 868 3634 ἄρχῃ
886 3564 958 3615 Plat.
