2370 3908
126 205 169 269 34
423 203 570 256 IULIANI
591 202 842 254 IMPERATORIS

126 335 255 420 ἐπεῖχεν
282 329 372 400 ἅπαν
399 329 436 399 τὸ
465 327 586 418 μεταξύ
609 330 670 397 τοῦ
697 333 827 415 τείχους
853 330 909 397 καὶ
935 332 1004 398 τῶν
1031 331 1143 419 χωμά-

125 466 201 506 των.
239 440 414 526 ἐτέτραπτο
434 436 471 505 δέ
498 432 519 524 ἡ
547 441 646 523 λίμνη
674 432 757 524 πρὸς
774 433 917 524 λύθρον,
944 438 1001 504 καί
1029 436 1142 528 κύκλφ

124 543 162 613 τὸ
190 559 295 632 τεῖχος
323 543 469 632 ἐπήχουν
502 542 644 629 οἰμωγαί
672 539 853 629 βαρβάρων
881 538 1052 610 ὀλλύντων
1081 542 1143 631 μὲν

125 647 291 738 οὐδαμῶς,
319 647 560 737 ἀπολλυμένων
588 646 625 717 δὲ
642 645 860 735 πολυτρόπως
877 649 934 716 καὶ
960 668 1141 737 τιτρωσκο-

124 757 235 843 μένων
266 761 431 835 ποικίλοις
462 753 638 843 τραύμασι.
683 759 732 833 τίς
760 748 803 820 ἀν
831 749 930 834 ἀξίως
955 757 1024 822 των
1052 758 1166 841 δρα-ε

124 863 236 949 μένων
262 867 429 949 διηγοῖτο;
462 863 530 949 πῦρ
562 859 623 948 μέν
651 861 755 926 ἐνίετο
788 872 860 938 ταῖς
887 856 1040 947 ἀσπίσιν,
1075 862 1141 943 ἐξέ-

123 993 244 1037 πιπτον
271 968 308 1036 δέ
335 970 402 1035 τῶν
431 963 576 1036 ὁπλιτῶν
602 961 780 1053 ἡμίκαυτοι
813 970 945 1052 πολλοί,
978 963 1076 1035 ἀλλοι
1103 966 1142 1037 δέ

124 1070 426 1162 ἀποδιδράσκοντες
452 1070 515 1159 τὴν
548 1071 657 1159 φλόγα
688 1068 750 1138 τὸν
777 1072 813 1138 έκ
839 1074 907 1139 τῶν
940 1075 1059 1158 βελῶν·
1078 1069 1142 1143 ούιι

69 1198 104 1247 28
124 1175 317 1265 ἀπέφευγον
349 1182 526 1247 κίνδυνον·
560 1173 630 1244 ἀλλ’
662 1180 697 1244 οἰ
721 1175 782 1263 μέν
815 1181 864 1244 ἐτι
891 1176 1072 1265 νηχόμενοι
1099 1177 1141 1247 τά

122 1286 212 1352 νῶτα
244 1287 430 1375 τρωθέντες
462 1286 495 1364 ἐς
522 1281 636 1371 βυθὸν
667 1282 885 1368 κατεδύοντο,
919 1287 955 1351 οἱ
981 1282 1019 1353 δέ
1046 1287 1167 1367 ἐξαλιι

122 1390 256 1477 λόμενοι
297 1393 365 1457 τῶν
405 1389 652 1478 μηχανημάτων
691 1390 772 1477 πρὶν
812 1385 937 1470 ύδατος
983 1386 1140 1472 ἅψασθαι

122 1499 303 1583 βληθέντες
327 1492 368 1565 ού
389 1502 567 1584 σωτηρίαν,
595 1494 805 1583 κουφότερον
834 1494 871 1563 δέ
898 1493 1045 1584 ηύροντο
1074 1497 1138 1567 θά-

121 1628 233 1669 νατον.
278 1599 358 1682 τοὺς
386 1602 422 1671 δέ
450 1598 531 1670 οὐδὲ
563 1615 636 1668 νεῖν
668 1600 798 1679 εἰδότας
826 1597 1041 1692 ἀκλεέστερον
1070 1606 1139 1672 τοῖν

120 1707 271 1795 πρόσθεν
299 1704 549 1794 ἀπολλυμένους
572 1712 621 1786 τίς
649 1702 692 1773 ἀν
715 1702 886 1786 ἀξιώσειεν
913 1704 1065 1796 ἀριθμοῦ
1082 1711 1139 1779 καὶ

120 1813 266 1900 μνημης;
295 1815 454 1894 ἐπιλείψει
473 1839 523 1900 με,
550 1808 632 1880 καθ’
663 1813 803 1880 ἕκαστον
821 1818 852 1880 εἰ
877 1817 981 1882 πᾶσιν
1009 1815 1165 1897 ἐπεξελ-ιι

120 1928 199 1985 θεῖν
227 1925 425 2006 βουλοίμην,
454 1914 471 1987 ὁ
500 1918 634 2007 χρόνος·
661 1914 699 1986 τὸ
722 1919 906 2005 κεφάλαιον
934 1919 971 1987 δέ
998 1916 1138 1991 ἀκούειν

80 2019 260 2112 Βάπόχρη.
304 2024 431 2112 ταύτην
462 2021 556 2112 ἥλιος
588 2025 695 2092 ἐπεῖδε
727 2023 788 2111 τὴν
819 2025 929 2113 μάχην
961 2022 1138 2110 ἀγνωστον

121 2125 314 2218 ἀνθρώποις
345 2128 405 2199 τὸν
438 2136 629 2219 ἔμπροσθεν
668 2129 804 2218 χρόνον·
844 2133 948 2198 ταῦτα
979 2128 1042 2219 τὴν
1075 2158 1161 2205 πον.

120 2231 219 2302 λαιάν
255 2232 452 2318 ἀλαζονείαν
488 2234 602 2324 ἤλεγξε
638 2238 705 2302 τῶν
737 2236 869 2324 Μήδων
905 2237 1016 2324 τύφου
1054 2236 1136 2307 ὅντα

120 2340 233 2408 κενόν·
264 2345 369 2409 ταῦτα
400 2345 459 2430 τῆς
486 2343 612 2431 Ξέρξου
644 2345 856 2430 παρασκευῆς
888 2339 1136 2433 ἀπιστουμένης
1145 2368 1168 2411 ι·

119 2447 200 2527 τέως
227 2445 265 2515 τὸ
298 2449 454 2534 μέγεθος,
487 2452 518 2514 εἰ
547 2446 693 2533 τοσαύτη
726 2450 886 2536 γενομένη
914 2451 1007 2529 τέλος
1038 2455 1136 2538 ἔσχεν

119 2550 260 2639 αἰσχρὸν
287 2554 343 2619 καὶ
371 2554 610 2639 ἐπονείδιστον,
638 2555 876 2643 ἐναργέστερον
893 2558 962 2623 τῶν
990 2556 1135 2627 δοκούν·

118 2681 187 2723 των
215 2654 301 2725 εἶναι
333 2663 513 2746 γνωρίμων
545 2655 626 2747 ἡμῖν
658 2661 865 2747 κατέστησεν.
912 2656 929 2729 ὁ
958 2660 1021 2749 μὲν
1048 2664 1135 2731 ἐττει-

119 2764 199 2849 ράτο
227 2770 323 2831 πλεῖν
349 2764 405 2832 καὶ
432 2764 579 2847 πεζεύειν
606 2762 808 2835 ἀπεναντίον
835 2770 874 2855 τῇ
903 2766 1003 2854 φύσει
1030 2767 1135 2856 μαχό·

78 2880 218 2954 Ομενος
245 2871 311 2956 καί,
340 2867 450 2959 ὥσπερ
479 2863 542 2941 οὖν
561 2868 653 2963 ᾤετο,
681 2875 812 2961 κρατῶν
835 2869 975 2961 ἠπείρου
998 2872 1160 2960 φύσεωςι

185 3022 201 3068 2
220 3013 375 3083 ἐτέτραπτο
393 3020 431 3087 Η]
451 3019 590 3088 τέτραπτο
642 3027 658 3076 3
675 3017 835 3091 περιήχονν
853 3026 879 3075 Η
931 3026 946 3074 6
965 3018 1092 3090 τρύμασι
1109 3024 1135 3077 V

117 3088 132 3135 6
156 3084 286 3152 διηγοῖτο
308 3087 378 3154 VM]
403 3088 533 3155 διηγεῖτο
560 3092 564 3147 Ι
591 3083 682 3142 ένίετο
705 3094 772 3143 Rsk.
798 3098 826 3143 et
847 3090 946 3157 wytt.]
977 3090 1037 3144 ἵετο
1061 3090 1135 3155 (tm

116 3151 189 3233 YM)
257 3157 271 3205 7
294 3147 451 3221 ἡμίκαυτοι
474 3155 508 3222 V]
534 3151 689 3224 ἡμίκαυτοι
712 3153 812 3211 λοιπὸν
865 3163 896 3239 τ9
919 3151 985 3238 ἀλλ’1
1008 3155 1040 3210 οἰ
1060 3156 1133 3241 Vlss

116 3220 199 3271 αλλοι
269 3225 300 3272 10
323 3214 352 3281 ἐς
375 3221 445 3290 VM]
471 3221 513 3284 εἰς
582 3229 614 3276 12
636 3216 759 3291 ηύροντο
781 3223 822 3293 Η]
847 3242 932 3290 ευρον
954 3244 1005 3278 τον
1024 3227 1062 3290 V,
1088 3244 1134 3281 εν-

116 3303 203 3406 ραντο
220 3303 239 3336 v
310 3291 340 3340 13
364 3283 433 3342 ούδέ
458 3295 521 3343 νεῖν
545 3287 659 3352 εἰδότας
677 3292 716 3359 Η]
741 3286 829 3346 οὐδὲν
852 3286 967 3353 εἰδότας
984 3310 1016 3353 v,
1041 3287 1135 3349 ούδδν

129 3347 236 3414 δόντας
257 3357 286 3404 Μ
360 3360 393 3408 15
416 3363 444 3408 et
467 3361 498 3408 16
521 3352 694 3423 ἐπεξελθεῖν
717 3360 754 3426 Η]
781 3354 921 3414 ἐπελθεῖν
992 3364 1025 3413 23
1048 3360 1135 3416 κατέ-

115 3436 222 3489 στησεν
246 3422 366 3490 θεαταί]
389 3420 567 3492 κατέστησαν
635 3431 669 3479 24
695 3419 872 3481 ἀπεναντίον
893 3427 928 3509 ἵ]
952 3419 1135 3507 ιἠπεναντίας
1179 3446 1181 3451 ·

114 3493 149 3541 24
166 3495 193 3540 ελ
210 3492 244 3542 25
261 3484 424 3557 μαχόμενος
441 3493 502 3544 add.
521 3494 580 3545 VM
641 3498 674 3547 25
692 3495 751 3559 καί,
770 3486 864 3561 ὥσπερ
883 3513 937 3549 ουν
955 3512 1026 3562 φετο
1054 3498 1134 3551 Peri·

114 3559 213 3608 zonius
233 3559 267 3608 ad
286 3558 397 3611 Aeliani
413 3563 446 3612 V.
466 3561 501 3610 H.
519 3562 556 3626 ΙΙ,
576 3558 621 3628 14]
642 3551 735 3627 ὥσπερ
753 3549 804 3615 νύν
824 3554 908 3631 ηἰἐτο,
927 3560 977 3615 καὶ
