<?xml version="1.0" encoding="UTF-8"?>
<!DOCTYPE html PUBLIC "-//W3C//DTD XHTML 1.0 Transitional//EN"
    "http://www.w3.org/TR/xhtml1/DTD/xhtml1-transitional.dtd">
<html xmlns="http://www.w3.org/1999/xhtml" xml:lang="en" lang="en">
 <head>
  <title>
</title>
<meta http-equiv="Content-Type" content="text/html;charset=utf-8" />
  <meta name='ocr-system' content='tesseract 3.04.00' />
  <meta name='ocr-capabilities' content='ocr_page ocr_carea ocr_par ocr_line ocrx_word'/>
</head>
<body>
  <div class='ocr_page' id='page_1' title='image "./iulianiimperato00juligoog_0069.png"; bbox 0 0 2392 3960; ppageno 0'>
   <div class='ocr_carea' id='block_1_1' title="bbox 115 177 831 244">
    <p class='ocr_par' dir='ltr' id='par_1_1' title="bbox 115 177 831 244">
     <span class='ocr_line' id='line_1_1' title="bbox 115 177 831 244; baseline 0.004 -15"><span class='ocrx_word' id='word_1_1' title='bbox 115 177 159 244; x_wconf 83' lang='grc'><em>54</em></span> <span class='ocrx_word' id='word_1_2' title='bbox 417 180 561 232; x_wconf 80' lang='lat' dir='ltr'><strong>IULIANI</strong></span> <span class='ocrx_word' id='word_1_3' title='bbox 578 179 831 233; x_wconf 79' lang='lat' dir='ltr'><strong>IMPERATORIS</strong></span> 
     </span>
    </p>
   </div>
   <div class='ocr_carea' id='block_1_2' title="bbox 16 298 1169 3169">
    <p class='ocr_par' dir='ltr' id='par_1_2' title="bbox 74 298 1157 931">
     <span class='ocr_line' id='line_1_2' title="bbox 116 298 1130 400; baseline 0.003 -23"><span class='ocrx_word' id='word_1_4' title='bbox 116 308 296 396; x_wconf 89' lang='grc' dir='ltr'><em>γενόμενος</em></span> <span class='ocrx_word' id='word_1_5' title='bbox 327 310 430 377; x_wconf 89' lang='grc' dir='ltr'><em>ταῦτα</em></span> <span class='ocrx_word' id='word_1_6' title='bbox 462 306 523 395; x_wconf 70' lang='grc' dir='ltr'><em>μέν</em></span> <span class='ocrx_word' id='word_1_7' title='bbox 556 298 605 376; x_wconf 73' lang='grc' dir='ltr'><em>οῦν</em></span> <span class='ocrx_word' id='word_1_8' title='bbox 637 303 810 400; x_wconf 77' lang='grc' dir='ltr'><em>ἀφῄρηντο</em></span> <span class='ocrx_word' id='word_1_9' title='bbox 843 308 945 378; x_wconf 91' lang='grc' dir='ltr'><em>πάλιν</em></span> <span class='ocrx_word' id='word_1_10' title='bbox 977 310 1130 400; x_wconf 79' lang='grc' dir='ltr'><strong><em>ἐχαρίσω,</em></strong></span> 
     </span>
     <span class='ocr_line' id='line_1_3' title="bbox 116 412 1130 508; baseline 0.006 -26"><span class='ocrx_word' id='word_1_11' title='bbox 116 412 231 504; x_wconf 82' lang='grc' dir='ltr'><em>ἀρκεῖν</em></span> <span class='ocrx_word' id='word_1_12' title='bbox 259 415 411 503; x_wconf 83' lang='grc' dir='ltr'><em>οἰόμενος</em></span> <span class='ocrx_word' id='word_1_13' title='bbox 437 413 474 483; x_wconf 84' lang='grc' dir='ltr'><em>τό</em></span> <span class='ocrx_word' id='word_1_14' title='bbox 504 415 608 502; x_wconf 79' lang='grc' dir='ltr'><em>μῆκος</em></span> <span class='ocrx_word' id='word_1_15' title='bbox 626 417 687 482; x_wconf 90' lang='grc' dir='ltr'><em>τοῦ</em></span> <span class='ocrx_word' id='word_1_16' title='bbox 714 414 840 504; x_wconf 88' lang='grc' dir='ltr'><em>χρόνου</em></span> <span class='ocrx_word' id='word_1_17' title='bbox 858 414 941 504; x_wconf 87' lang='grc' dir='ltr'><em>πρὸς</em></span> <span class='ocrx_word' id='word_1_18' title='bbox 966 424 1130 508; x_wconf 79' lang='grc' dir='ltr'><em>τιμωρίαν</em></span> 
     </span>
     <span class='ocr_line' id='line_1_4' title="bbox 114 513 1132 612; baseline 0.005 -24"><span class='ocrx_word' id='word_1_19' title='bbox 114 536 185 602; x_wconf 79' lang='grc' dir='ltr'><em>τοῖς</em></span> <span class='ocrx_word' id='word_1_20' title='bbox 209 513 401 590; x_wconf 89' lang='grc' dir='ltr'><em>παθοῦσιν·</em></span> <span class='ocrx_word' id='word_1_21' title='bbox 439 519 501 589; x_wconf 81' lang='grc' dir='ltr'><em>ὅσα</em></span> <span class='ocrx_word' id='word_1_22' title='bbox 535 519 572 588; x_wconf 72' lang='grc' dir='ltr'><em>δέ</em></span> <span class='ocrx_word' id='word_1_23' title='bbox 609 516 710 601; x_wconf 81' lang='grc' dir='ltr'><em>αὐτὸς</em></span> <span class='ocrx_word' id='word_1_24' title='bbox 747 530 885 591; x_wconf 80' lang='grc' dir='ltr'><em>οἴκοθεν</em></span> <span class='ocrx_word' id='word_1_25' title='bbox 917 522 1132 612; x_wconf 79' lang='grc' dir='ltr'><em>χαριζόμενος</em></span> 
     </span>
     <span class='ocr_line' id='line_1_5' title="bbox 114 625 1129 717; baseline 0.003 -21"><span class='ocrx_word' id='word_1_26' title='bbox 114 629 382 717; x_wconf 82' lang='grc' dir='ltr'><em>πλουσιωτέρους</em></span> <span class='ocrx_word' id='word_1_27' title='bbox 410 625 585 716; x_wconf 79' lang='grc' dir='ltr'><em>ἀπέφηνας</em></span> <span class='ocrx_word' id='word_1_28' title='bbox 612 626 756 708; x_wconf 82' lang='grc' dir='ltr'><em>πολλοὺς</em></span> <span class='ocrx_word' id='word_1_29' title='bbox 783 632 851 696; x_wconf 76' lang='grc' dir='ltr'><em>τῶν</em></span> <span class='ocrx_word' id='word_1_30' title='bbox 879 628 981 697; x_wconf 90' lang='grc' dir='ltr'><em>πάλαι</em></span> <span class='ocrx_word' id='word_1_31' title='bbox 1009 631 1129 712; x_wconf 87' lang='grc' dir='ltr'><em>δοξάν-</em></span> 
     </span>
     <span class='ocr_line' id='line_1_6' title="bbox 113 730 1157 825; baseline 0.002 -24"><span class='ocrx_word' id='word_1_32' title='bbox 113 760 182 803; x_wconf 86' lang='grc' dir='ltr'><em>των</em></span> <span class='ocrx_word' id='word_1_33' title='bbox 210 737 263 803; x_wconf 84' lang='grc' dir='ltr'><em>ἐπὶ</em></span> <span class='ocrx_word' id='word_1_34' title='bbox 290 737 330 823; x_wconf 79' lang='grc' dir='ltr'><em>τῇ</em></span> <span class='ocrx_word' id='word_1_35' title='bbox 356 737 425 803; x_wconf 77' lang='grc' dir='ltr'><em>τῶν</em></span> <span class='ocrx_word' id='word_1_36' title='bbox 452 733 629 824; x_wconf 89' lang='grc' dir='ltr'><em>χρημάτων</em></span> <span class='ocrx_word' id='word_1_37' title='bbox 657 730 797 825; x_wconf 79' lang='grc' dir='ltr'><em>εὐπορία</em></span> <span class='ocrx_word' id='word_1_38' title='bbox 826 734 1070 823; x_wconf 74' lang='grc' dir='ltr'><em>σεμνύνεσθαι,</em></span> <span class='ocrx_word' id='word_1_39' title='bbox 1097 743 1135 806; x_wconf 85' lang='grc' dir='ltr'><em>τί</em></span> <span class='ocrx_word' id='word_1_40' title='bbox 1144 761 1157 803; x_wconf 82' lang='lat'><strong>5</strong></span> 
     </span>
     <span class='ocr_line' id='line_1_7' title="bbox 74 837 1131 931; baseline -0.001 -18"><span class='ocrx_word' id='word_1_41' title='bbox 74 838 175 931; x_wconf 77' lang='grc' dir='ltr'><em>Οχρὴ</em></span> <span class='ocrx_word' id='word_1_42' title='bbox 204 845 269 910; x_wconf 88' lang='grc' dir='ltr'><em>νῦν</em></span> <span class='ocrx_word' id='word_1_43' title='bbox 297 837 592 930; x_wconf 82' lang='grc' dir='ltr'><em>ὑπομιμνήσκοντα</em></span> <span class='ocrx_word' id='word_1_44' title='bbox 624 842 699 930; x_wconf 78' lang='grc' dir='ltr'><em>περὶ</em></span> <span class='ocrx_word' id='word_1_45' title='bbox 732 838 832 931; x_wconf 88' lang='grc' dir='ltr'><em>μικρά</em></span> <span class='ocrx_word' id='word_1_46' title='bbox 861 847 1045 930; x_wconf 75' lang='grc' dir='ltr'><em>διατρίβειν</em></span> <span class='ocrx_word' id='word_1_47' title='bbox 1073 848 1131 912; x_wconf 92' lang='grc' dir='ltr'><em>δο-</em></span> 
     </span>
    </p>

    <p class='ocr_par' dir='ltr' id='par_1_3' title="bbox 16 945 1169 1678">
     <span class='ocr_line' id='line_1_8' title="bbox 16 945 1131 1036; baseline 0.003 -20"><span class='ocrx_word' id='word_1_48' title='bbox 16 986 20 1003; x_wconf 88' lang='lat'>·</span> <span class='ocrx_word' id='word_1_49' title='bbox 113 963 200 1030; x_wconf 83' lang='grc' dir='ltr'><em>κείν;</em></span> <span class='ocrx_word' id='word_1_50' title='bbox 239 945 345 1028; x_wconf 89' lang='grc' dir='ltr'><em>άλλως</em></span> <span class='ocrx_word' id='word_1_51' title='bbox 376 974 411 1018; x_wconf 86' lang='grc' dir='ltr'><em>τε</em></span> <span class='ocrx_word' id='word_1_52' title='bbox 447 949 504 1016; x_wconf 83' lang='grc' dir='ltr'><em>καὶ</em></span> <span class='ocrx_word' id='word_1_53' title='bbox 540 950 643 1016; x_wconf 82' lang='grc' dir='ltr'><em>πᾶσιν</em></span> <span class='ocrx_word' id='word_1_54' title='bbox 680 945 778 1029; x_wconf 87' lang='grc' dir='ltr'><em>όντος</em></span> <span class='ocrx_word' id='word_1_55' title='bbox 814 951 1045 1036; x_wconf 80' lang='grc' dir='ltr'><em>καταφανοῦς,</em></span> <span class='ocrx_word' id='word_1_56' title='bbox 1079 947 1131 1019; x_wconf 82' lang='grc' dir='ltr'><em>ὅτι</em></span> 
     </span>
     <span class='ocr_line' id='line_1_9' title="bbox 114 1050 1130 1142; baseline 0.002 -20"><span class='ocrx_word' id='word_1_57' title='bbox 114 1056 229 1142; x_wconf 79' lang='grc' dir='ltr'><em>μηδεὶς</em></span> <span class='ocrx_word' id='word_1_58' title='bbox 260 1053 392 1123; x_wconf 84' lang='grc' dir='ltr'><em>πάποτε</em></span> <span class='ocrx_word' id='word_1_59' title='bbox 424 1051 511 1141; x_wconf 85' lang='grc' dir='ltr'><em>πλὴν</em></span> <span class='ocrx_word' id='word_1_60' title='bbox 537 1050 755 1142; x_wconf 75' lang='grc' dir='ltr'><em>Ἀλεξάνδρου</em></span> <span class='ocrx_word' id='word_1_61' title='bbox 787 1057 848 1124; x_wconf 89' lang='grc' dir='ltr'><em>τοῦ</em></span> <span class='ocrx_word' id='word_1_62' title='bbox 878 1061 1047 1124; x_wconf 90' lang='grc' dir='ltr'><em>Φιλίππου</em></span> <span class='ocrx_word' id='word_1_63' title='bbox 1074 1082 1130 1125; x_wconf 90' lang='grc' dir='ltr'><em>το-</em></span> 
     </span>
     <span class='ocr_line' id='line_1_10' title="bbox 114 1155 1129 1250; baseline 0.003 -23"><span class='ocrx_word' id='word_1_64' title='bbox 114 1163 220 1228; x_wconf 91' lang='grc' dir='ltr'><em>σαῦτα</em></span> <span class='ocrx_word' id='word_1_65' title='bbox 253 1157 410 1248; x_wconf 83' lang='grc' dir='ltr'><em>βασιλεὺς</em></span> <span class='ocrx_word' id='word_1_66' title='bbox 441 1174 512 1240; x_wconf 81' lang='grc' dir='ltr'><em>τοῖς</em></span> <span class='ocrx_word' id='word_1_67' title='bbox 540 1155 646 1228; x_wconf 87' lang='grc' dir='ltr'><em>αὑτοῦ</em></span> <span class='ocrx_word' id='word_1_68' title='bbox 680 1168 792 1248; x_wconf 81' lang='grc' dir='ltr'><em>φίλοις</em></span> <span class='ocrx_word' id='word_1_69' title='bbox 819 1162 987 1248; x_wconf 75' lang='grc' dir='ltr'><em>διανέμων</em></span> <span class='ocrx_word' id='word_1_70' title='bbox 1016 1159 1129 1250; x_wconf 79' lang='grc' dir='ltr'><em>ἀφθη.</em></span> 
     </span>
     <span class='ocr_line' id='line_1_11' title="bbox 114 1262 1169 1356; baseline -0.004 -21"><span class='ocrx_word' id='word_1_71' title='bbox 114 1263 196 1335; x_wconf 88' lang='grc' dir='ltr'><em>ἀλλά</em></span> <span class='ocrx_word' id='word_1_72' title='bbox 223 1281 294 1347; x_wconf 80' lang='grc' dir='ltr'><em>τοῖς</em></span> <span class='ocrx_word' id='word_1_73' title='bbox 321 1265 382 1353; x_wconf 71' lang='grc' dir='ltr'><em>μέν</em></span> <span class='ocrx_word' id='word_1_74' title='bbox 410 1262 428 1335; x_wconf 87' lang='grc' dir='ltr'>ὁ</span> <span class='ocrx_word' id='word_1_75' title='bbox 456 1269 525 1334; x_wconf 78' lang='grc' dir='ltr'><em>τῶν</em></span> <span class='ocrx_word' id='word_1_76' title='bbox 552 1272 661 1354; x_wconf 91' lang='grc' dir='ltr'><em>φίλων</em></span> <span class='ocrx_word' id='word_1_77' title='bbox 684 1271 826 1348; x_wconf 90' lang='grc' dir='ltr'><em>πλοῦτος</em></span> <span class='ocrx_word' id='word_1_78' title='bbox 853 1271 911 1356; x_wconf 80' lang='grc' dir='ltr'><em>τῆς</em></span> <span class='ocrx_word' id='word_1_79' title='bbox 937 1270 1005 1335; x_wconf 79' lang='grc' dir='ltr'><em>τῶν</em></span> <span class='ocrx_word' id='word_1_80' title='bbox 1032 1278 1128 1338; x_wconf 81' lang='grc' dir='ltr'><em>πολε·</em></span> <span class='ocrx_word' id='word_1_81' title='bbox 1143 1293 1169 1332; x_wconf 76' lang='grc' dir='ltr'><em>ιο</em></span> 
     </span>
     <span class='ocr_line' id='line_1_12' title="bbox 114 1370 1128 1464; baseline 0.005 -24"><span class='ocrx_word' id='word_1_82' title='bbox 114 1380 201 1461; x_wconf 91' lang='grc' dir='ltr'><em>μίων</em></span> <span class='ocrx_word' id='word_1_83' title='bbox 229 1373 341 1461; x_wconf 76' lang='grc' dir='ltr'><em>ῥώμης</em></span> <span class='ocrx_word' id='word_1_84' title='bbox 368 1370 516 1453; x_wconf 78' lang='grc' dir='ltr'><em>ὕποπτος</em></span> <span class='ocrx_word' id='word_1_85' title='bbox 534 1372 642 1460; x_wconf 81' lang='grc' dir='ltr'><em>ἐφάνη</em></span> <span class='ocrx_word' id='word_1_86' title='bbox 662 1377 788 1461; x_wconf 86' lang='grc' dir='ltr'><em>μάλλον</em></span> <span class='ocrx_word' id='word_1_87' title='bbox 810 1376 867 1443; x_wconf 84' lang='grc' dir='ltr'><em>καὶ</em></span> <span class='ocrx_word' id='word_1_88' title='bbox 886 1372 1128 1464; x_wconf 78' lang='grc' dir='ltr'><em>φοβερώτερος,</em></span> 
     </span>
     <span class='ocr_line' id='line_1_13' title="bbox 113 1476 1130 1570; baseline 0.003 -22"><span class='ocrx_word' id='word_1_89' title='bbox 113 1477 208 1548; x_wconf 85' lang='grc' dir='ltr'><em>ἀλλοι</em></span> <span class='ocrx_word' id='word_1_90' title='bbox 235 1478 273 1547; x_wconf 71' lang='grc' dir='ltr'><em>δὲ</em></span> <span class='ocrx_word' id='word_1_91' title='bbox 305 1478 366 1567; x_wconf 80' lang='grc' dir='ltr'><em>τὴν</em></span> <span class='ocrx_word' id='word_1_92' title='bbox 398 1482 466 1547; x_wconf 78' lang='grc' dir='ltr'><em>τῶν</em></span> <span class='ocrx_word' id='word_1_93' title='bbox 499 1476 694 1569; x_wconf 81' lang='grc' dir='ltr'><em>ἀρχομένων</em></span> <span class='ocrx_word' id='word_1_94' title='bbox 725 1477 898 1568; x_wconf 85' lang='grc' dir='ltr'><em>εὐγένειαν</em></span> <span class='ocrx_word' id='word_1_95' title='bbox 930 1476 1130 1570; x_wconf 86' lang='grc' dir='ltr'><em>ῦπιδόμενοι</em></span> 
     </span>
     <span class='ocr_line' id='line_1_14' title="bbox 113 1577 1128 1678; baseline 0.002 -24"><span class='ocrx_word' id='word_1_96' title='bbox 113 1585 221 1654; x_wconf 90' lang='grc' dir='ltr'><em>πάντα</em></span> <span class='ocrx_word' id='word_1_97' title='bbox 248 1585 374 1676; x_wconf 84' lang='grc' dir='ltr'><em>τρόπον</em></span> <span class='ocrx_word' id='word_1_98' title='bbox 401 1584 481 1666; x_wconf 83' lang='grc' dir='ltr'><em>τοὺς</em></span> <span class='ocrx_word' id='word_1_99' title='bbox 509 1577 548 1654; x_wconf 81' lang='grc' dir='ltr'><em>εὖ</em></span> <span class='ocrx_word' id='word_1_100' title='bbox 576 1587 754 1674; x_wconf 77' lang='grc' dir='ltr'><em>γεγονότας</em></span> <span class='ocrx_word' id='word_1_101' title='bbox 781 1591 1080 1677; x_wconf 79' lang='grc' dir='ltr'><em>προπηλακίζοντες</em></span> <span class='ocrx_word' id='word_1_102' title='bbox 1107 1584 1128 1678; x_wconf 78' lang='grc' dir='ltr'>ἢ</span> 
     </span>
    </p>

    <p class='ocr_par' dir='ltr' id='par_1_4' title="bbox 69 1689 1169 2315">
     <span class='ocr_line' id='line_1_15' title="bbox 69 1689 1130 1783; baseline -0.001 -19"><span class='ocrx_word' id='word_1_103' title='bbox 69 1694 169 1764; x_wconf 81' lang='grc' dir='ltr'><em>Βκαὶ</em></span> <span class='ocrx_word' id='word_1_104' title='bbox 202 1689 419 1783; x_wconf 81' lang='grc' dir='ltr'><em>ἀναιροῦντες</em></span> <span class='ocrx_word' id='word_1_105' title='bbox 457 1690 565 1781; x_wconf 86' lang='grc' dir='ltr'><em>άρδην</em></span> <span class='ocrx_word' id='word_1_106' title='bbox 597 1691 655 1773; x_wconf 86' lang='grc' dir='ltr'><em>τάς</em></span> <span class='ocrx_word' id='word_1_107' title='bbox 693 1699 799 1774; x_wconf 91' lang='grc' dir='ltr'><em>οίκίας</em></span> <span class='ocrx_word' id='word_1_108' title='bbox 835 1696 931 1783; x_wconf 77' lang='grc' dir='ltr'><em>κοινῇ</em></span> <span class='ocrx_word' id='word_1_109' title='bbox 963 1691 1026 1782; x_wconf 71' lang='grc' dir='ltr'><em>μέν</em></span> <span class='ocrx_word' id='word_1_110' title='bbox 1056 1710 1130 1776; x_wconf 78' lang='grc' dir='ltr'><em>ταῖς</em></span> 
     </span>
     <span class='ocr_line' id='line_1_16' title="bbox 113 1796 1169 1891; baseline -0.001 -24"><span class='ocrx_word' id='word_1_111' title='bbox 113 1798 229 1869; x_wconf 88' lang='grc' dir='ltr'><em>πόλεσι</em></span> <span class='ocrx_word' id='word_1_112' title='bbox 266 1801 468 1888; x_wconf 79' lang='grc' dir='ltr'><em>συμφορῶν,</em></span> <span class='ocrx_word' id='word_1_113' title='bbox 506 1803 576 1889; x_wconf 83' lang='grc' dir='ltr'><em>ίδίηι</em></span> <span class='ocrx_word' id='word_1_114' title='bbox 609 1798 647 1867; x_wconf 76' lang='grc' dir='ltr'><em>δέ</em></span> <span class='ocrx_word' id='word_1_115' title='bbox 684 1796 797 1881; x_wconf 81' lang='grc' dir='ltr'><em>αὑτοῖς</em></span> <span class='ocrx_word' id='word_1_116' title='bbox 834 1797 982 1868; x_wconf 88' lang='grc' dir='ltr'><em>ἀνοσίων</em></span> <span class='ocrx_word' id='word_1_117' title='bbox 1019 1806 1129 1891; x_wconf 78' lang='grc' dir='ltr'><em>ἔργων</em></span> <span class='ocrx_word' id='word_1_118' title='bbox 1143 1823 1169 1866; x_wconf 83' lang='lat'><em>15</em></span> 
     </span>
     <span class='ocr_line' id='line_1_17' title="bbox 113 1902 1131 1995; baseline 0.003 -22"><span class='ocrx_word' id='word_1_119' title='bbox 113 1904 302 1975; x_wconf 76' lang='grc' dir='ltr'><em>αἰτιώτατοι</em></span> <span class='ocrx_word' id='word_1_120' title='bbox 329 1907 544 1993; x_wconf 91' lang='grc' dir='ltr'><em>κατέστησαν.</em></span> <span class='ocrx_word' id='word_1_121' title='bbox 581 1902 644 1974; x_wconf 87' lang='grc' dir='ltr'><em>οῦκ</em></span> <span class='ocrx_word' id='word_1_122' title='bbox 672 1903 854 1995; x_wconf 84' lang='grc' dir='ltr'><em>ἀπέσχοντο</em></span> <span class='ocrx_word' id='word_1_123' title='bbox 884 1906 921 1976; x_wconf 72' lang='grc' dir='ltr'><em>δέ</em></span> <span class='ocrx_word' id='word_1_124' title='bbox 950 1904 1013 1995; x_wconf 79' lang='grc' dir='ltr'><em>ἤδη</em></span> <span class='ocrx_word' id='word_1_125' title='bbox 1041 1907 1131 1990; x_wconf 69' lang='grc' dir='ltr'><em>τινὲς</em></span> 
     </span>
     <span class='ocr_line' id='line_1_18' title="bbox 112 2009 1130 2105; baseline 0.004 -25"><span class='ocrx_word' id='word_1_126' title='bbox 112 2027 184 2095; x_wconf 83' lang='grc' dir='ltr'><em>τοῖς</em></span> <span class='ocrx_word' id='word_1_127' title='bbox 209 2015 270 2082; x_wconf 78' lang='grc' dir='ltr'><em>τοῦ.</em></span> <span class='ocrx_word' id='word_1_128' title='bbox 303 2011 453 2101; x_wconf 76' lang='grc' dir='ltr'><em>σώματος</em></span> <span class='ocrx_word' id='word_1_129' title='bbox 480 2009 639 2100; x_wconf 77' lang='grc' dir='ltr'><em>ἀγαθοῖς,</em></span> <span class='ocrx_word' id='word_1_130' title='bbox 672 2009 783 2105; x_wconf 79' lang='grc' dir='ltr'><em>ὑγιείᾳ</em></span> <span class='ocrx_word' id='word_1_131' title='bbox 816 2015 901 2101; x_wconf 80' lang='grc' dir='ltr'><em>φημὶ</em></span> <span class='ocrx_word' id='word_1_132' title='bbox 930 2013 985 2082; x_wconf 79' lang='grc' dir='ltr'><em>καὶ</em></span> <span class='ocrx_word' id='word_1_133' title='bbox 1017 2013 1130 2084; x_wconf 90' lang='grc' dir='ltr'><em>κάλλει</em></span> 
     </span>
     <span class='ocr_line' id='line_1_19' title="bbox 113 2116 1129 2211; baseline 0.001 -23"><span class='ocrx_word' id='word_1_134' title='bbox 113 2122 168 2188; x_wconf 78' lang='grc' dir='ltr'><em>καὶ</em></span> <span class='ocrx_word' id='word_1_135' title='bbox 201 2116 321 2211; x_wconf 80' lang='grc' dir='ltr'><em>εὐεξία,</em></span> <span class='ocrx_word' id='word_1_136' title='bbox 354 2124 606 2208; x_wconf 85' lang='grc' dir='ltr'><em>βασκαίνοντες·</em></span> <span class='ocrx_word' id='word_1_137' title='bbox 638 2123 747 2211; x_wconf 79' lang='grc' dir='ltr'><em>ψυχῆς</em></span> <span class='ocrx_word' id='word_1_138' title='bbox 777 2146 813 2188; x_wconf 88' lang='grc' dir='ltr'><em>τε</em></span> <span class='ocrx_word' id='word_1_139' title='bbox 846 2117 969 2209; x_wconf 80' lang='grc' dir='ltr'><em>ἀρετὴν</em></span> <span class='ocrx_word' id='word_1_140' title='bbox 997 2125 1034 2188; x_wconf 84' lang='grc' dir='ltr'><em>έν</em></span> <span class='ocrx_word' id='word_1_141' title='bbox 1062 2147 1129 2189; x_wconf 92' lang='grc' dir='ltr'><em>τινι</em></span> 
     </span>
     <span class='ocr_line' id='line_1_20' title="bbox 111 2222 1126 2315; baseline 0.002 -21"><span class='ocrx_word' id='word_1_142' title='bbox 111 2229 180 2294; x_wconf 74' lang='grc' dir='ltr'><em>τῶν</em></span> <span class='ocrx_word' id='word_1_143' title='bbox 207 2230 352 2295; x_wconf 79' lang='grc' dir='ltr'><em>πολιτῶν</em></span> <span class='ocrx_word' id='word_1_144' title='bbox 380 2229 564 2315; x_wconf 87' lang='grc' dir='ltr'><em>γενομένην</em></span> <span class='ocrx_word' id='word_1_145' title='bbox 589 2223 668 2295; x_wconf 73' lang='grc' dir='ltr'><em>οῦδὲ</em></span> <span class='ocrx_word' id='word_1_146' title='bbox 688 2223 824 2295; x_wconf 85' lang='grc' dir='ltr'><em>ἀκούειν</em></span> <span class='ocrx_word' id='word_1_147' title='bbox 852 2222 1029 2314; x_wconf 83' lang='grc' dir='ltr'><em>ὑπέμενον,</em></span> <span class='ocrx_word' id='word_1_148' title='bbox 1058 2224 1126 2296; x_wconf 90' lang='grc' dir='ltr'><em>ἀλλ’</em></span> 
     </span>
    </p>

    <p class='ocr_par' dir='ltr' id='par_1_5' title="bbox 31 2323 1168 2533">
     <span class='ocr_line' id='line_1_21' title="bbox 31 2323 1168 2423; baseline 0.003 -23"><span class='ocrx_word' id='word_1_149' title='bbox 31 2364 33 2369; x_wconf 96' lang='grc'><strong><em>·</em></strong></span> <span class='ocrx_word' id='word_1_150' title='bbox 111 2323 156 2419; x_wconf 81' lang='grc' dir='ltr'><em>ἦν</em></span> <span class='ocrx_word' id='word_1_151' title='bbox 183 2329 330 2422; x_wconf 88' lang='grc' dir='ltr'><em>ἀδίκημα</em></span> <span class='ocrx_word' id='word_1_152' title='bbox 356 2336 472 2420; x_wconf 89' lang='grc' dir='ltr'><em>τοῦτο,</em></span> <span class='ocrx_word' id='word_1_153' title='bbox 503 2332 656 2422; x_wconf 89' lang='grc' dir='ltr'><em>καθάπερ</em></span> <span class='ocrx_word' id='word_1_154' title='bbox 689 2329 900 2423; x_wconf 89' lang='grc' dir='ltr'><em>ἀνδροφονία</em></span> <span class='ocrx_word' id='word_1_155' title='bbox 933 2335 989 2402; x_wconf 82' lang='grc' dir='ltr'><em>καὶ</em></span> <span class='ocrx_word' id='word_1_156' title='bbox 1021 2332 1127 2422; x_wconf 78' lang='grc' dir='ltr'><em>κλοπὴ</em></span> <span class='ocrx_word' id='word_1_157' title='bbox 1141 2357 1168 2398; x_wconf 74' lang='lat'><em>²0</em></span> 
     </span>
     <span class='ocr_line' id='line_1_22' title="bbox 112 2437 1129 2528; baseline 0.003 -22"><span class='ocrx_word' id='word_1_158' title='bbox 112 2441 167 2506; x_wconf 84' lang='grc' dir='ltr'><em>καὶ</em></span> <span class='ocrx_word' id='word_1_159' title='bbox 195 2445 373 2528; x_wconf 85' lang='grc' dir='ltr'><em>προδοσία,</em></span> <span class='ocrx_word' id='word_1_160' title='bbox 400 2437 439 2507; x_wconf 84' lang='grc' dir='ltr'><em>τὸ</em></span> <span class='ocrx_word' id='word_1_161' title='bbox 467 2443 581 2508; x_wconf 84' lang='grc' dir='ltr'><em>δοκεῖν</em></span> <span class='ocrx_word' id='word_1_162' title='bbox 609 2437 726 2528; x_wconf 84' lang='grc' dir='ltr'><em>ἀρετῆς</em></span> <span class='ocrx_word' id='word_1_163' title='bbox 754 2443 1030 2527; x_wconf 79' lang='grc' dir='ltr'><em>μεταποιηθῆναι.</em></span> <span class='ocrx_word' id='word_1_164' title='bbox 1071 2442 1129 2509; x_wconf 79' lang='grc' dir='ltr'><em>καί</em></span> 
     </span>
    </p>

    <p class='ocr_par' dir='ltr' id='par_1_6' title="bbox 56 2541 1167 3060">
     <span class='ocr_line' id='line_1_23' title="bbox 56 2541 1127 2635; baseline 0 -20"><span class='ocrx_word' id='word_1_165' title='bbox 56 2565 94 2615; x_wconf 82' lang='grc'><em>44</em></span> <span class='ocrx_word' id='word_1_166' title='bbox 112 2548 216 2613; x_wconf 89' lang='grc' dir='ltr'><em>ταῦτα</em></span> <span class='ocrx_word' id='word_1_167' title='bbox 243 2543 348 2633; x_wconf 85' lang='grc' dir='ltr'><em>τυχὸν</em></span> <span class='ocrx_word' id='word_1_168' title='bbox 381 2541 517 2632; x_wconf 75' lang='grc' dir='ltr'><em>ἀληθοῦς</em></span> <span class='ocrx_word' id='word_1_169' title='bbox 545 2542 586 2613; x_wconf 90' lang='grc' dir='ltr'><em>οῦ</em></span> <span class='ocrx_word' id='word_1_170' title='bbox 615 2547 780 2633; x_wconf 86' lang='grc' dir='ltr'><em>βασιλέων</em></span> <span class='ocrx_word' id='word_1_171' title='bbox 808 2545 907 2634; x_wconf 85' lang='grc' dir='ltr'><em>φήσει</em></span> <span class='ocrx_word' id='word_1_172' title='bbox 936 2573 994 2633; x_wconf 86' lang='grc' dir='ltr'><em>τις,</em></span> <span class='ocrx_word' id='word_1_173' title='bbox 1022 2572 1127 2635; x_wconf 90' lang='grc' dir='ltr'><em>πονη-</em></span> 
     </span>
     <span class='ocr_line' id='line_1_24' title="bbox 112 2647 1127 2743; baseline 0.001 -23"><span class='ocrx_word' id='word_1_174' title='bbox 112 2655 182 2741; x_wconf 77' lang='grc' dir='ltr'><em>ρῶν</em></span> <span class='ocrx_word' id='word_1_175' title='bbox 211 2651 249 2720; x_wconf 86' lang='grc' dir='ltr'><em>δέ</em></span> <span class='ocrx_word' id='word_1_176' title='bbox 266 2653 322 2720; x_wconf 78' lang='grc' dir='ltr'><em>καί</em></span> <span class='ocrx_word' id='word_1_177' title='bbox 341 2647 573 2741; x_wconf 89' lang='grc' dir='ltr'><em>ἀνελευθέρων</em></span> <span class='ocrx_word' id='word_1_178' title='bbox 596 2653 774 2743; x_wconf 91' lang='grc' dir='ltr'><em>τυράννων</em></span> <span class='ocrx_word' id='word_1_179' title='bbox 802 2658 883 2742; x_wconf 86' lang='grc' dir='ltr'><em>ἔργα</em></span> <span class='ocrx_word' id='word_1_180' title='bbox 902 2654 956 2722; x_wconf 81' lang='grc' dir='ltr'><em>καλ</em></span> <span class='ocrx_word' id='word_1_181' title='bbox 985 2653 1127 2742; x_wconf 81' lang='grc' dir='ltr'><em>πράξεις.</em></span> 
     </span>
     <span class='ocr_line' id='line_1_25' title="bbox 112 2756 1126 2848; baseline 0 -22"><span class='ocrx_word' id='word_1_182' title='bbox 112 2761 220 2827; x_wconf 84' lang='grc' dir='ltr'><em>ἑκείνο</em></span> <span class='ocrx_word' id='word_1_183' title='bbox 254 2758 290 2826; x_wconf 73' lang='grc' dir='ltr'><em>δὲ</em></span> <span class='ocrx_word' id='word_1_184' title='bbox 322 2756 386 2846; x_wconf 80' lang='grc' dir='ltr'><em>ἤδη</em></span> <span class='ocrx_word' id='word_1_185' title='bbox 419 2756 457 2827; x_wconf 87' lang='grc' dir='ltr'><em>τὸ</em></span> <span class='ocrx_word' id='word_1_186' title='bbox 494 2758 604 2839; x_wconf 84' lang='grc' dir='ltr'><em>πόθος</em></span> <span class='ocrx_word' id='word_1_187' title='bbox 637 2756 678 2828; x_wconf 89' lang='grc' dir='ltr'><em>οῦ</em></span> <span class='ocrx_word' id='word_1_188' title='bbox 714 2762 783 2827; x_wconf 77' lang='grc' dir='ltr'><em>τῶν</em></span> <span class='ocrx_word' id='word_1_189' title='bbox 819 2756 973 2848; x_wconf 82' lang='grc' dir='ltr'><em>ἀνοήτων</em></span> <span class='ocrx_word' id='word_1_190' title='bbox 1008 2759 1126 2845; x_wconf 91' lang='grc' dir='ltr'><em>μόνον,</em></span> 
     </span>
     <span class='ocr_line' id='line_1_26' title="bbox 112 2861 1167 2957; baseline -0.002 -25"><span class='ocrx_word' id='word_1_191' title='bbox 112 2861 196 2934; x_wconf 92' lang='grc' dir='ltr'><em>άλλά</em></span> <span class='ocrx_word' id='word_1_192' title='bbox 222 2892 325 2934; x_wconf 91' lang='grc' dir='ltr'><em>τινων</em></span> <span class='ocrx_word' id='word_1_193' title='bbox 358 2868 512 2935; x_wconf 78' lang='grc' dir='ltr'><em>ἐπιεικῶν</em></span> <span class='ocrx_word' id='word_1_194' title='bbox 545 2867 601 2934; x_wconf 86' lang='grc' dir='ltr'><em>καὶ</em></span> <span class='ocrx_word' id='word_1_195' title='bbox 627 2866 744 2957; x_wconf 79' lang='grc' dir='ltr'><em>πράων</em></span> <span class='ocrx_word' id='word_1_196' title='bbox 778 2863 913 2955; x_wconf 75' lang='grc' dir='ltr'><em>ἀνδρῶν</em></span> <span class='ocrx_word' id='word_1_197' title='bbox 941 2861 1125 2950; x_wconf 80' lang='grc' dir='ltr'><em>ἁψάμενον,</em></span> <span class='ocrx_word' id='word_1_198' title='bbox 1140 2890 1167 2931; x_wconf 80' lang='grc' dir='ltr'><em>ετ</em></span> 
     </span>
     <span class='ocr_line' id='line_1_27' title="bbox 111 2957 1127 3060; baseline 0 -21"><span class='ocrx_word' id='word_1_199' title='bbox 111 2969 149 3040; x_wconf 89' lang='grc' dir='ltr'><em>τὸ</em></span> <span class='ocrx_word' id='word_1_200' title='bbox 168 2987 239 3054; x_wconf 78' lang='grc' dir='ltr'><em>τοῖς</em></span> <span class='ocrx_word' id='word_1_201' title='bbox 257 2978 368 3060; x_wconf 87' lang='grc' dir='ltr'><em>φίλοις</em></span> <span class='ocrx_word' id='word_1_202' title='bbox 395 2970 562 3060; x_wconf 78' lang='grc' dir='ltr'><em>ἄχθεσθαι</em></span> <span class='ocrx_word' id='word_1_203' title='bbox 591 2974 691 3041; x_wconf 82' lang='grc' dir='ltr'><em>πλέον</em></span> <span class='ocrx_word' id='word_1_204' title='bbox 709 2957 764 3040; x_wconf 84' lang='grc' dir='ltr'><em>καὶ</em></span> <span class='ocrx_word' id='word_1_205' title='bbox 783 2972 939 3051; x_wconf 82' lang='grc' dir='ltr'><em>πολλάκις</em></span> <span class='ocrx_word' id='word_1_206' title='bbox 968 2972 1127 3039; x_wconf 83' lang='grc' dir='ltr'><em>ἐλαττοῦν</em></span> 
     </span>
    </p>

    <p class='ocr_par' dir='ltr' id='par_1_7' title="bbox 21 3074 1129 3169">
     <span class='ocr_line' id='line_1_28' title="bbox 21 3074 1129 3169; baseline -0.005 -20"><span class='ocrx_word' id='word_1_207' title='bbox 21 3142 26 3149; x_wconf 97' lang='grc'>.</span> <span class='ocrx_word' id='word_1_208' title='bbox 112 3079 242 3148; x_wconf 76' lang='grc' dir='ltr'><em>ἐθέλειν</em></span> <span class='ocrx_word' id='word_1_209' title='bbox 273 3080 330 3148; x_wconf 84' lang='grc' dir='ltr'><em>καὶ</em></span> <span class='ocrx_word' id='word_1_210' title='bbox 361 3081 430 3147; x_wconf 77' lang='grc' dir='ltr'><em>τόν</em></span> <span class='ocrx_word' id='word_1_211' title='bbox 461 3079 701 3169; x_wconf 88' lang='grc' dir='ltr'><em>προσηκόντων</em></span> <span class='ocrx_word' id='word_1_212' title='bbox 738 3075 862 3159; x_wconf 80' lang='grc' dir='ltr'><em>αὐτοὺς</em></span> <span class='ocrx_word' id='word_1_213' title='bbox 897 3074 1129 3165; x_wconf 75' lang='grc' dir='ltr'><em>ἀφαιρεῖσθαι,</em></span> 
     </span>
    </p>
   </div>
   <div class='ocr_carea' id='block_1_3' title="bbox 111 3222 1130 3638">
    <p class='ocr_par' dir='ltr' id='par_1_8' title="bbox 111 3222 1130 3638">
     <span class='ocr_line' id='line_1_29' title="bbox 180 3222 1130 3315; baseline -0.002 -32"><span class='ocrx_word' id='word_1_214' title='bbox 180 3235 195 3283; x_wconf 86' lang='grc'><strong>3</strong></span> <span class='ocrx_word' id='word_1_215' title='bbox 220 3223 307 3291; x_wconf 85' lang='grc' dir='ltr'><em>αότός</em></span> <span class='ocrx_word' id='word_1_216' title='bbox 325 3229 404 3315; x_wconf 63' lang='lat' dir='ltr'><em>Rekj</em></span> <span class='ocrx_word' id='word_1_217' title='bbox 429 3222 537 3293; x_wconf 83' lang='grc' dir='ltr'><em>αῦτοῖς.</em></span> <span class='ocrx_word' id='word_1_218' title='bbox 564 3233 600 3285; x_wconf 80' lang='lat' dir='ltr'><em>ef.</em></span> <span class='ocrx_word' id='word_1_219' title='bbox 618 3233 682 3282; x_wconf 77' lang='lat'><em>4413</em></span> <span class='ocrx_word' id='word_1_220' title='bbox 751 3235 767 3282; x_wconf 86' lang='grc'>4</span> <span class='ocrx_word' id='word_1_221' title='bbox 790 3223 915 3290; x_wconf 86' lang='grc' dir='ltr'><em>πολλοῦς</em></span> <span class='ocrx_word' id='word_1_222' title='bbox 938 3229 1000 3280; x_wconf 78' lang='lat' dir='ltr'><strong>add.</strong></span> <span class='ocrx_word' id='word_1_223' title='bbox 1019 3232 1044 3280; x_wconf 94' lang='lat' dir='ltr'><strong>V</strong></span> <span class='ocrx_word' id='word_1_224' title='bbox 1114 3233 1130 3281; x_wconf 75' lang='lat'>7</span> 
     </span>
     <span class='ocr_line' id='line_1_30' title="bbox 113 3289 1130 3378; baseline -0.002 -27"><span class='ocrx_word' id='word_1_225' title='bbox 113 3292 204 3358; x_wconf 79' lang='grc' dir='ltr'><em>ἄλλως</em></span> <span class='ocrx_word' id='word_1_226' title='bbox 223 3316 254 3351; x_wconf 90' lang='grc' dir='ltr'><em>τε</em></span> <span class='ocrx_word' id='word_1_227' title='bbox 272 3297 309 3365; x_wconf 88' lang='lat' dir='ltr'><em>V]</em></span> <span class='ocrx_word' id='word_1_228' title='bbox 334 3289 388 3350; x_wconf 86' lang='grc' dir='ltr'><em>ἀλλ</em></span> <span class='ocrx_word' id='word_1_229' title='bbox 426 3293 501 3364; x_wconf 79' lang='grc' dir='ltr'><em>ὁμῶς</em></span> <span class='ocrx_word' id='word_1_230' title='bbox 523 3316 553 3350; x_wconf 88' lang='grc' dir='ltr'><em>τε</em></span> <span class='ocrx_word' id='word_1_231' title='bbox 623 3291 833 3378; x_wconf 62' lang='lat' dir='ltr'><em>9a13v023yM</em></span> <span class='ocrx_word' id='word_1_232' title='bbox 904 3289 1130 3378; x_wconf 79' lang='grc' dir='ltr'><em>1·Ζ“ῦπιδόμενοι</em></span> 
     </span>
     <span class='ocr_line' id='line_1_31' title="bbox 111 3362 1129 3435; baseline -0.001 -17"><span class='ocrx_word' id='word_1_233' title='bbox 111 3365 156 3435; x_wconf 88' lang='lat' dir='ltr'><em>H]</em></span> <span class='ocrx_word' id='word_1_234' title='bbox 182 3362 379 3431; x_wconf 85' lang='grc' dir='ltr'><em>ῦπειδόμενοι.</em></span> <span class='ocrx_word' id='word_1_235' title='bbox 411 3368 447 3418; x_wconf 72' lang='grc' dir='ltr'><em>ολ.</em></span> <span class='ocrx_word' id='word_1_236' title='bbox 472 3368 508 3418; x_wconf 86' lang='lat' dir='ltr'><em>ad</em></span> <span class='ocrx_word' id='word_1_237' title='bbox 531 3370 615 3418; x_wconf 78' lang='lat'>1161)</span> <span class='ocrx_word' id='word_1_238' title='bbox 685 3370 718 3419; x_wconf 81' lang='lat'><em>15</em></span> <span class='ocrx_word' id='word_1_239' title='bbox 740 3371 841 3425; x_wconf 83' lang='grc' dir='ltr'><em>αυτοῖς</em></span> <span class='ocrx_word' id='word_1_240' title='bbox 860 3367 917 3417; x_wconf 90' lang='lat' dir='ltr'><em>VM</em></span> <span class='ocrx_word' id='word_1_241' title='bbox 986 3368 1017 3416; x_wconf 75' lang='lat'><em>1⁷</em></span> <span class='ocrx_word' id='word_1_242' title='bbox 1042 3365 1129 3430; x_wconf 84' lang='grc' dir='ltr'><em>υγεία</em></span> 
     </span>
     <span class='ocr_line' id='line_1_32' title="bbox 113 3428 1129 3502; baseline -0.001 -17"><span class='ocrx_word' id='word_1_243' title='bbox 113 3437 170 3485; x_wconf 89' lang='lat' dir='ltr'><em>VM</em></span> <span class='ocrx_word' id='word_1_244' title='bbox 240 3438 272 3487; x_wconf 84' lang='lat'><em>18</em></span> <span class='ocrx_word' id='word_1_245' title='bbox 291 3428 455 3500; x_wconf 62' lang='lat' dir='ltr'><em>sdoogcav</em></span> <span class='ocrx_word' id='word_1_246' title='bbox 477 3433 483 3502; x_wconf 77' lang='grc' dir='ltr'>Ι</span> <span class='ocrx_word' id='word_1_247' title='bbox 508 3438 653 3486; x_wconf 60' lang='grc' dir='ltr'><em>τεοωΝ</em></span> <span class='ocrx_word' id='word_1_248' title='bbox 722 3439 754 3484; x_wconf 78' lang='lat'><em>22</em></span> <span class='ocrx_word' id='word_1_249' title='bbox 777 3429 919 3501; x_wconf 83' lang='grc' dir='ltr'><em>βασιλέων</em></span> <span class='ocrx_word' id='word_1_250' title='bbox 936 3433 970 3501; x_wconf 87' lang='lat' dir='ltr'><em>V]</em></span> <span class='ocrx_word' id='word_1_251' title='bbox 989 3428 1129 3500; x_wconf 80' lang='grc' dir='ltr'><em>βασιλέως</em></span> 
     </span>
     <span class='ocr_line' id='line_1_33' title="bbox 113 3496 1128 3571; baseline -0.003 -17"><span class='ocrx_word' id='word_1_252' title='bbox 113 3506 145 3555; x_wconf 71' lang='lat'><em>⁶23</em></span> <span class='ocrx_word' id='word_1_253' title='bbox 165 3500 233 3571; x_wconf 76' lang='grc' dir='ltr'><em>ἔργα</em></span> <span class='ocrx_word' id='word_1_254' title='bbox 251 3496 399 3571; x_wconf 86' lang='grc' dir='ltr'><em>τυράννων</em></span> <span class='ocrx_word' id='word_1_255' title='bbox 419 3502 444 3553; x_wconf 89' lang='lat' dir='ltr'>V</span> <span class='ocrx_word' id='word_1_256' title='bbox 505 3497 658 3570; x_wconf 74' lang='grc' dir='ltr'><em>νεαλέσι]</em></span> <span class='ocrx_word' id='word_1_257' title='bbox 678 3502 816 3554; x_wconf 73' lang='lat' dir='ltr'>Posthac</span> <span class='ocrx_word' id='word_1_258' title='bbox 835 3503 948 3553; x_wconf 83' lang='lat' dir='ltr'>Reiskio</span> <span class='ocrx_word' id='word_1_259' title='bbox 967 3497 1063 3568; x_wconf 79' lang='grc' dir='ltr'><em>ἔχουσι</em></span> <span class='ocrx_word' id='word_1_260' title='bbox 1082 3501 1128 3552; x_wconf 79' lang='lat' dir='ltr'><em>vel</em></span> 
     </span>
     <span class='ocr_line' id='line_1_34' title="bbox 112 3568 785 3638; baseline -0.004 -16"><span class='ocrx_word' id='word_1_261' title='bbox 112 3568 285 3637; x_wconf 87' lang='grc' dir='ltr'><em>τιμωμένοις</em></span> <span class='ocrx_word' id='word_1_262' title='bbox 302 3572 349 3624; x_wconf 78' lang='lat' dir='ltr'><em>vel</em></span> <span class='ocrx_word' id='word_1_263' title='bbox 366 3571 457 3624; x_wconf 79' lang='lat' dir='ltr'>simile</span> <span class='ocrx_word' id='word_1_264' title='bbox 476 3570 542 3638; x_wconf 78' lang='lat' dir='ltr'><strong>quid</strong></span> <span class='ocrx_word' id='word_1_265' title='bbox 559 3571 669 3623; x_wconf 84' lang='lat' dir='ltr'>videtur</span> <span class='ocrx_word' id='word_1_266' title='bbox 687 3571 785 3621; x_wconf 78' lang='lat' dir='ltr'>deesse</span> 
     </span>
    </p>
   </div>
   <div class='ocr_carea' id='block_1_4' title="bbox 0 0 1200 3960">
    <p class='ocr_par' dir='ltr' id='par_1_9' title="bbox 0 0 1200 3960">
     <span class='ocr_line' id='line_1_35' title="bbox 0 0 1200 3960; baseline 0 0"><span class='ocrx_word' id='word_1_267' title='bbox 0 0 1200 3960; x_wconf 95' lang='lat' dir='ltr'><em> </em></span> 
     </span>
    </p>
   </div>
  </div>
 </body>
</html>
