2392 3960
436 164 641 216 ιεΡιεΤοιιε
661 168 701 217 ιε.
722 169 763 218 ιο.
1040 163 1104 229 605

89 297 306 384 διεσκάφθαι.
348 296 365 367 ὁ
391 298 428 366 δέ
451 301 507 367 καὶ
529 298 618 386 μάλα
641 300 821 388 σεβόμενος
842 298 931 393 αὐτῷ
955 302 1104 392 προσῄει.

86 409 193 473 ταῦτα
217 403 309 479 εἶδον
333 403 441 485 αὐτός.
476 403 602 493 ἀκήκοα
626 406 774 497 δὲπαρά
796 412 865 477 τῶν
887 413 952 490 νῦν
976 411 1104 498 ε’χθρῶς

88 511 237 598 ἑχόντων
263 511 346 600 πρὸς
369 510 488 598 αὐτόν,
520 511 572 581 ὅτι
594 516 650 582 καὶ
672 515 890 604 προσεύχοιτο
914 516 1026 606 λάθρᾳ
1048 517 1103 584 καὶ

86 626 297 706 προσκυνοίη
330 619 391 688 τὸν
405 619 533 688 Ἥλιον.
579 613 644 709 ἆρα
678 619 740 690 οὐκ
770 619 814 691 ito
846 625 945 704 ἐδέξω
978 649 1018 710 με
1048 623 1104 691 καὶ

58 728 229 815 σίδιότην
253 730 501 816 μαρτυροῦντας
524 730 582 814 τῆς
604 729 678 816 περὶ
701 728 780 809 τοὺς
798 727 903 810 θεοὺς
922 730 1105 809 διαθέσεως

87 834 231 902 ἑκάστου
248 840 336 912 τίνες
355 829 426 922 (όν)
445 831 512 901 εἶεν
530 831 792 921 ἀξιοπιστότεροι
809 834 974 924 μάρτυρες
992 833 1104 905 αὐτόν
1180 861 1186 883 ¹

85 947 157 1010 τῶν
184 945 291 1021 θεῶν;
327 939 421 1027 ἡμεῖς
444 937 516 1029 (tio)
541 943 630 1029 ἱερέα
653 941 830 1028 Πηγάσων
853 940 1046 1029 ἐποιοῦμεν,
1074 947 1105 1010 εί

87 1047 356 1134 συνεχνιόκειμεν
393 1044 482 1139 αὐτῷ
516 1074 548 1115 τι
579 1048 655 1135 περὶ
686 1047 766 1128 τοὺς
794 1049 898 1129 θεοὺς
930 1050 1104 1134 δυσσεβές;

88 1160 119 1223 εί
147 1156 185 1221 δὲ
213 1154 290 1221 ἐν’
273 1160 412 1232 εκείνοις
434 1167 504 1233 τοῖς
526 1153 661 1283 χρόνοις
683 1163 748 1222 είτε
771 1153 1007 1236 δυναστείας’
991 1154 1104 1243 ορεχό-

46 1279 74 1321 1⁰
88 1286 250 1348 μενος,ε
235 1256 301 1328 εἴθ’
306 1258 419 1348 ,ὅπερ
438 1259 526 1388 πρὸς
547 1257 633 1346 ι’μάς
656 1265 719 1348 ἔφη
742 1260 955 1347 πολλάκις*
938 1263 1020 1351 νπὲρ
1043 1267 1105 1331 τοῦ

88 1370 196 1434 σῶσαι
227 1369 295 1434 τῶν
326 1369 420 1433 θεῶν
450 1364 491 1433 τά
522 1367 580 1463 ἕδη
612 1366 653 1434 τά
685 1366 784 1455 ῥάκια
815 1372 918 1437 ταῦτα
944 1392 1104 1458 περιαμπ-

89 1476 203 1562 έσχετσ
226 1470 367 1559 καλιὴν
390 1470 546 1558 ἀσέβειαν
568 1473 681 1562 μέχρις
704 1470 868 1562 ὀνόματος
889 1473 1104 1564 ὑπεκρίνατο·

89 1583 220 1668 πέφηνε
243 1577 306 1668 γάρ
331 1576 433 1647 οὐδὲν
457 1576 610 1666 οὐδαμοῦ
629 1583 697 1648 τῶν
717 1585 816 1670 ίερῶν
834 1580 1000 1671 ἠδικηκὼς
1017 1581 1105 1669 πλὴν

90 1687 217 1773 ὀλίγων
245 1685 435 1755 παντάπασι
462 1693 573 1754 λίθων
600 1687 636 1753 ἐκ
662 1687 905 1775 καταλόματος,
935 1693 992 1756 ἵνα
1015 1685 1104 1779 αὐτῷ

46 1819 75 1860 ιι
91 1795 210 1876 σώζειν
237 1795 292 1881 ε’ξῄ
319 1793 360 1859 τὰ
387 1791 501 1860 λοιπά·
533 1795 632 1859 τοῦτο
661 1793 699 1859 έν
725 1792 814 1884 λόγῳ
838 1794 1027 1881 ποιούμεθα
1048 1795 1105 1862 καὶ

89 1899 153 1969 οὐκ
177 1898 407 1986 αἰσχυνόμεθα
427 1901 530 1966 ταῦτα
548 1898 623 1984 περὶ
642 1894 746 1965 αὐτὸν
763 1899 963 1987 πράττοντες
980 1898 1104 1987 ὅσαπερ

85 2004 245 2093 Ἀφόβιος
268 2008 371 2072 ἐποίει
393 2005 448 2071 καὶ
473 2007 508 2071 σί
526 2009 699 2071 Γαλιλαῖοι
721 2004 842 2085 πάντες
863 2005 1105 2095 προσεύχονται

91 2112 264 2198 πάσχοντα
287 2115 373 2177 ι’δεϊν
397 2107 516 2190 αότόν;
540 2117 574 2177 εί
591 2115 627 2178 τί
646 2136 703 2196 μοι
720 2112 901 2199 προσέχεις,
924 2111 966 2181 οὐ
984 2116 1106 2181 τοῦτον

91 2218 217 2306 μόνον,
246 2215 329 2286 άλλδι
357 2217 412 2285 καὶ
439 2215 518 2295 τοὺς
545 2213 683 2301 ἄλλους,
711 2222 747 2284 οδ
770 2221 1032 2304 μετατέθεινται,
1060 2245 1105 2286 τι·

50 2349 78 2390 ao
94 2326 224 2415 μήσεις,
261 2322 305 2392 ἵν’
338 2328 372 2392 oi
401 2323 464 2410 μὲν
495 2324 579 2412 ῥᾷον
611 2320 850 2392 ὑπακούσωσιν
878 2322 960 2411 ἡμῖν
987 2326 1039 2392 ἐπὶ
1066 2323 1106 2392 τά
1183 2318 1185 2323 ’

91 2431 177 2500 καλὰ
209 2430 508 2518 προκαλουμένοις,
545 2431 582 2496 ot‘
608 2425 639 2495 δ’
669 2421 770 2515 ἧττον
797 2435 966 2517 χαίρωσιν.
1012 2437 1042 2499 εί
1069 2431 1106 2500 δὲ

90 2538 171 2617 τοὺς
208 2535 416 2624 αὐτομάτους
452 2533 566 2612 ἰόντας
602 2530 863 2622 άπελαόνοιμεν,
900 2533 1011 2616 οὐδεὶς
1046 2536 1106 2607 ὑπ-

91 2644 268 2713 ακούσεται
292 2645 416 2731 ῥᾳδίως
437 2643 696 2727 παρακαλοῦσιν.

524 2783 670 2848 LXXIX.

51 2933 77 2974 25
181 2895 360 2959 Iulianus
398 2893 539 2957 etenim
577 2889 737 2957 Christo
773 2894 952 2976 perfidus
984 2894 1106 2978 Impe-

115 3006 202 3067 ator
227 3003 284 3066 sio
302 2999 415 3064 Phot'
386 3002 470 3064 t1no
493 2998 793 3063 haeresiarchae
813 3000 996 3065 adversus
1016 2999 1106 3066 Dio

161 3120 175 3165 1
190 3106 344 3192 σεβόμενος
356 3111 459 3178 Henn]
475 3105 627 3178 σευάμενος
640 3112 716 3162 Harl.
753 3115 769 3162 5
781 3130 832 3178 της
844 3111 909 3178 περὶ
922 3107 990 3175 τούς
1002 3116 1090 3166 Henn.
1094 3114 1105 3183 ]

91 3182 160 3248 περὶ
178 3201 229 3250 της
249 3180 336 3247 (της
328 3199 358 3232 1n
374 3179 481 3262 rasura)
499 3182 579 3231 Harl
615 3169 767 3231 δολίαν
784 3181 847 3233 εδδ
864 3183 956 3236 Henn.
992 3185 1022 3233 11
1036 3187 1062 3232 et
1076 3186 1107 3233 12

90 3252 351 3396 ξόόάόδιῖίόχτεόόόο
368 3246 658 3370 Ηδξομὲκρδθᾘάάότά
676 3239 774 3365 mlaiiiii‘
792 3241 1107 3382 κοδλθύιόδιζδοςτιῗιήσεδξ

90 3385 195 3452 Henn]
224 3379 355 3452 τιμάσεις
372 3386 452 3439 Harl
521 3386 550 3434 21
576 3383 713 3462 χαίρωσιν
730 3382 830 3448 Henn.]
859 3383 1010 3449 χαίρουσιν
1027 3384 1105 3438 Harl.

92 3458 125 3506 24
153 3456 235 3518 „Hoc
253 3456 452 3518 fragmentum,
482 3453 560 3506 euius
577 3451 702 3500 notitiam
719 3451 853 3501 Mauricio
871 3452 993 3517 Hauptio
1013 3452 1105 3517 debeo,

91 3493 205 3588 auac’epi
217 3539 249 3573 ex
260 3521 391 3572 Facundo
403 3519 654 3583 HermianenaiIV,
662 3521 686 3568 2.
692 3518 722 3567 T.
730 3517 765 3568 11.
771 3534 797 3583 p.
804 3516 993 3575 otisirmond.
997 3519 1104 3571 “Hrch.
