2392 3960
337 174 540 228 ενιενοιιιι
559 178 600 230 ιι.
621 179 661 229 ιε.
681 178 722 228 ιο.
743 178 784 230 ιι.
944 248 946 253 ,
1005 171 1070 238 498

341 328 350 351 Ι
393 325 401 349 2
575 327 584 353 8
670 332 684 347 ⁸
746 325 754 351 2
797 331 812 347 ν

308 338 360 396 ις.
398 334 685 422 Ιουλιανοςτῳ
709 354 823 421 αυτω.
1091 342 1112 397 (λ

141 449 177 520 Ὁ
199 453 260 540 μὲν
283 455 394 541 μῦθος
415 458 506 521 ποιεῖ
523 452 583 523 τὸν
607 449 716 539 ἀετόν,
740 453 876 521 έπειδαν
893 452 935 520 τὰ
952 451 1074 540 γνήσια

56 563 125 627 τῶν
161 557 341 647 κυημάτων
378 563 554 647 βασανίζη,
590 559 708 646 φέρειν
744 557 864 649 ἀπτιλα
897 555 982 646 πρὸς
1013 557 1075 628 τὸν

57 665 180 753 αἰθέρα
202 665 258 732 καλ
280 679 352 746 ταῖς
374 661 473 751 ἡλίου
495 662 678 753 προσάγειν
695 661 842 751 ἀκτῖσιν,
874 660 984 754 ῶσπερ
1006 661 1073 733 ὑπὸ

29 770 200 860 τμάρτυρι
218 774 264 862 τῷ
284 775 354 863 θεῷ
373 771 497 861 πατέρα
515 797 550 839 τε
568 769 719 857 ἀληθοῦς
737 773 875 839 νεοττοῶ
892 770 1073 859 γινόμενον

54 877 111 944 καὶ
139 879 249 946 νόθου
275 881 378 965 γονῆς
405 874 701 966 ἀλλοτριούμενον·
736 874 831 965 ἡμεῖς
854 877 894 944 δέ
914 896 969 947 σοι
991 887 1073 946 καθ·
1156 957 1160 966 ¹

54 988 138 1073 άπερ
166 982 270 1074 Ἑρμῇ
307 988 410 1076 λογίῳ
445 981 527 1064 τοὺς
562 981 743 1072 ἡμετέρους
777 986 900 1070 λόγους
935 986 1073 1074 ἐγχειρί-

56 1096 166 1177 ζομεν.
201 1085 266 1158 κάν
292 1089 353 1178 μὲν
381 1087 586 1177 ὑπομείνωσι
609 1088 672 1178 τὴν
694 1087 800 1177 ἀκοὴν
823 1086 886 1188 τὴν
909 1089 988 1180 σήν,
1020 1091 1073 1160 έπλ
1091 1086 1117 1140 D

56 1197 111 1263 σολ
139 1194 177 1263 τὸ
203 1209 316 1283 κρῖναι
343 1196 418 1284 περὶ
448 1196 574 1279 αὐτῶν,
604 1199 637 1264 εί
661 1197 716 1265 καλ
744 1194 829 1286 πρὸς
849 1194 928 1276 τοὺς
951 1195 1074 1278 ἀλλους

10 1327 40 1369 ιο
55 1301 121 1368 είσλ
144 1300 312 1388 πτὴσιμοι·
337 1305 368 1395 εί
390 1300 427 1369 δὲ
450 1299 507 1388 μὴ,
529 1302 632 1389 ῥῖψον
655 1303 724 1371 έκεῖ
742 1302 895 1393 καθάπερ
919 1307 1074 1372 Μουσῶν
1155 1349 1157 1353 -

54 1408 268 1496 ἀλλοτρίους,
304 1402 325 1495 ἡ
357 1409 493 1499 ποταμῷ
525 1405 652 1477 κλάσον
683 1405 728 1489 ῶς
759 1407 896 1489 νόθους.
940 1408 1074 1491 πάντως

54 1513 138 1586 οὐδὲ
166 1513 320 1604 ὁῬὴνος
346 1511 457 1583 ἀδικεῖ
475 1511 555 1595 τοάς
577 1512 742 1602 Κελτούς,
774 1508 812 1596 δς
833 1513 875 1584 τδι
897 1514 959 1604 μὲν
981 1515 1072 1585 νόθα
1085 1531 1112 1572 88

54 1629 125 1694 τῶν
157 1626 293 1712 βρεφῶν
324 1619 513 1713 ὑποβρύχια
544 1632 617 1702 ταῖς
647 1625 758 1703 δίναις
784 1637 889 1709 ποιεῖ,
920 1622 1072 1711 καθάπερ

54 1729 244 1800 ἀκολάστου
267 1729 384 1815 λέχους
404 1724 549 1816 τιμωρὸς
570 1729 721 1815 πρέπων·
745 1725 809 1797 ὅσα
832 1727 865 1796 δ’
886 1725 930 1797 ἀν
949 1730 1071 1821 ἐπιγνῷ

10 1858 40 1899 15
55 1839 214 1924 καθαροῦ
236 1836 436 1923 σπέρματος,
458 1831 615 1922 ὑπεράνω
638 1837 700 1903 τοῶ
723 1831 846 1915 ὕδατος
868 1840 995 1926 αἰωρεῖ,
1016 1834 1073 1904 καλ

54 1947 97 2032 τῇ
125 1941 224 2029 μητρλ
250 1939 416 2030 τρεμοάση
444 1939 546 2009 πάλιν
568 1944 616 2020 είς
638 1953 749 2030 χεῖρας
773 1943 930 2028 δίδωσιν,
962 1939 1074 2031 ῶσπερ,

55 2047 243 2118 ἀδέκαστόν
256 2073 331 2115 τινα
345 2051 533 2135 μαρτυρίαν
548 2043 632 2136 αι’πὴ
644 2049 807 2135 καθαρῶν
819 2047 875 2115 καλ
891 2043 1124 2136 ἀμέμπτων384

54 2155 176 2243 γάμων
198 2152 261 2241 τὴν
283 2156 344 2222 τοῦ
366 2152 486 2233 παιδὸς
509 2157 678 2240 σωτηρίαν
701 2147 1000 2242 ἀντιδωρούμενος.

287 2311 346 2394 ιζ.
379 2309 598 2391 Ἰουλιανὸς
616 2308 831 2403 Ὀριβασίηκ
867 2399 870 2404 ¹

10 2459 40 2500 το
154 2439 229 2504 Τῶν
255 2432 440 2524 ὀνειράτων
466 2434 531 2504 δύο
557 2433 665 2514 πάλας
691 2432 782 2503 ελναί
804 2453 910 2522 φησιν
936 2432 955 2504 ὁ
978 2439 1073 2515 θεῖος

46 2544 201 2632 Ὅμηρος,
222 2544 278 2611 καλ
302 2541 471 2631 διάφορον
493 2539 580 2610 εἶναι
604 2538 718 2621 αὐτοῖς
738 2541 797 2610 καλ
817 2542 881 2630 τὴν
902 2537 987 2631 ὑπὲρ
1004 2543 1073 2610 τῶν

57 2650 322 2738 ἀποβησομένων
344 2653 466 2720 πίστιν.
512 2646 576 2735 ἐγὼ
600 2647 639 2716 δὲ
661 2653 784 2735 νομίζω
808 2668 845 2717 σε
867 2653 949 2736 νῦν,
980 2657 1113 2736 είπερΒ

55 2756 137 2826 ποτὲ
163 2758 219 2824 καλ
246 2754 378 2841 ἀλλοτε,
410 2750 526 2843 σαφῶς
552 2755 726 2843 ἑορακέναι
747 2755 824 2844 περὶ
845 2759 914 2825 τῶν
935 2758 1072 2845 μελλόν-

126 2922 143 2971 4
171 2910 285 2970 ἀκτῖσιν
302 2918 328 2968 V
402 2919 418 2969 8
446 2910 578 2999 ἀληθρῶς
603 2916 629 2967 V
648 2921 677 2968 ολ
674 2916 841 2999 reliqui
811 2917 877 2969 libri
893 2922 1000 2971 tantum
1016 2937 1072 2972 non

56 2986 160 3052 omnes]
179 2979 299 3053 άληθῶς
358 2987 375 3038 8
393 3002 447 3052 την
465 2977 559 3051 ἀκοὴν
577 2976 632 3050 τὴν
651 2979 717 3052 οὴν]
737 3000 791 3051 την
809 2975 864 3051 σὴν
883 2979 989 3039 ἀκτῖνα
1006 2989 1071 3040 Bar.

55 3056 185 3108 Ηεῑιλελλ).
202 3055 252 3106 386
270 3055 335 3106 Vnt.
355 3054 421 3107 1883
442 3053 495 3104 Pbi
562 3052 661 3104 aeto
686 3043 735 3105 έπλ
753 3048 799 3105 σολ
815 3050 850 3121 V]
873 3045 925 3106 έπί
939 3068 985 3106 σοι
1055 3057 1071 3107 8

56 3124 157 3190 κρίναι
174 3122 199 3172 V
268 3125 301 3174 10
318 3116 418 3189 δῖνον]
442 3115 531 3187 (λίνον
563 3118 568 3184 Ι
600 3110 665 3172 ἐκεῖ
683 3135 737 3171 om.
754 3119 805 3172 Pb.
840 3121 970 3184 „Videtur
986 3122 1072 3175 ditto·
1168 3169 1174 3179 .

56 3192 173 3259 graphia
192 3187 282 3242 esse‘fl
304 3190 390 3242 Hrch.
454 3191 487 3241 18
503 3189 567 3247 ταῖς
586 3183 685 3248 δίναις
701 3156 866 3269 ἀποβράγια
884 3205 899 3241 ε
917 3189 996 3242 libris
1013 3191 1073 3322 οτιὶρ

57 3261 172 3338 scripsit
189 3257 293 3322 Heyler
318 3257 323 3322 Ι
348 3272 428 3310 ποιει
419 3255 517 3309 idem
537 3270 552 3307 e
569 3253 650 3306 libris
666 3255 726 3307 suit
743 3255 894 3335 εοτὶρμλῖμ
895 3272 925 3309 ιο
942 3252 1000 3320 πέμ
1002 3258 1070 3322 πειΙ

55 3318 233 3380 καθάπε-
201 3321 487 3392 -14πρίτωτ1Ιιοιι
496 3323 606 3390 Vindp
608 3325 686 3388 1.·81,
689 3324 721 3376 18
757 3325 789 3374 19
805 3271 944 3403 ὄριβατίω
961 3275 1000 3376 Vm
1003 3339 1070 3390 ιιιις.

56 3387 177 3462 Gen.]'
203 3391 338 3512 ρειέασίῳ
410 3395 444 3446 80
471 3386 527 3444 δύο
543 3391 569 3443 V
585 3339 713 3511 marku]
686 3384 808 3442 Ιδάω
879 3394 911 3444 81
929 3339 1071 3512 ’Όμηροὲἐ

56 3393 161 3581 Odys].s
176 3479 205 3527 τ,
224 3462 274 3513 88
343 3463 377 3513 88
394 3466 423 3513 et
440 3463 473 3512 83
493 3458 574 3525 εἰπερ
591 3451 662 3511 τιοτλ
708 3454 780 3524 roh]
803 3452 884 3525 είπέρ
903 3475 974 3512 ποτε

57 3524 212 3597 ἑορακέναι
229 3526 325 3595 Πτολι]
343 3521 506 3595 ἑωρακέναι
