2370 3908
114 199 155 262 74
413 197 556 248 IULIANI
577 194 827 247 IMPERATORIS

73 328 169 397 ὒκαὶ
207 325 287 414 άλης
324 327 511 412 δυστυχοῦς
547 326 605 411 της
642 320 702 403 ξὺν
738 325 784 412 τῷ
821 321 976 411 τυράννῳ
1014 323 1130 408 βιοτῆς

113 433 269 518 κατάγειν
306 435 394 520 σφᾶς
430 427 481 498 ἐπ’
522 426 688 517 ἀκεραίοις
730 443 799 508 τοῖς
835 426 987 518 πρόσθεν
1023 422 1129 514 ἠξίου.

114 543 213 607 τοῦτο
242 538 303 625 μὲν
335 535 377 624 δὴ
409 539 464 605 καὶ
498 526 600 616 αὖθις
626 535 772 615 τεύξεται
804 533 921 618 λόγου·
955 535 1063 602 ἐκεῖνο
1092 532 1131 601 δὲ

114 644 178 733 ἤδη
208 646 342 732 ῥητέον,
377 639 420 724 ως
449 640 526 711 οὔτε
559 645 596 711 ἐν
622 657 692 722 τοῖς
724 643 887 729 κειμένοις
914 632 957 727 ἦν
985 637 1064 708 οὔτε
1091 641 1129 708 ἐν

113 767 184 831 τοῖς
211 751 400 838 φεύγουσιν
419 745 436 818 ὁ
457 742 674 838 παιδοτρίβης
700 749 762 816 τοῦ
789 746 968 836 τυράννου.
1001 743 1038 815 τὸ
1063 743 1158 835 γάρι

114 856 198 944 μηδὲ
231 860 360 925 ἐλπίσαι
397 855 603 943 συγγνώμην
641 851 783 938 εὔλογον
815 851 903 922 οὕτω
935 851 997 940 μὲν
1029 849 1131 921 άδικα

115 965 351 1051 διανοηθέντα,
380 960 482 1049 άσεβη
512 961 549 1030 δὲ
577 961 818 1048 ἐργασάμενον,
848 959 966 1047 φόνων
992 985 1027 1027 τε
1056 955 1131 1027 άδί-

114 1098 184 1138 κων
221 1066 357 1157 άνδρῶν
394 1070 449 1137 καὶ
487 1071 672 1153 γυναικῶν,
709 1070 843 1135 πολλῶν
878 1065 940 1153 μὲν
970 1067 1132 1151 ,ίδιωτάν,

71 1183 96 1234 'D
115 1176 252 1243 πάντων
280 1174 316 1242 δὲ
336 1172 457 1262 σχεδὸν
477 1170 596 1242 ὁπόσοι
623 1177 684 1241 τοῦ
713 1179 885 1259 βασιλείου
908 1172 1029 1258 γένους
1056 1198 1132 1259 μετ-

114 1296 205 1369 εῖχον
233 1276 421 1368 ἁψάμενον,
456 1277 529 1349 οὔτι
562 1278 623 1361 ξὺν
652 1286 781 1366 δείματι
814 1275 893 1347 οὐδὲ
922 1275 965 1346 άν
998 1304 1047 1358 τις
1076 1280 1173 1365 ε’μ-ιο

115 1387 238 1474 φόλιον
270 1385 381 1473 φόνον
413 1391 611 1474 διανοηθείη
646 1389 752 1474 δρῶν,
779 1392 1010 1472 παλαμναίους
1035 1381 1134 1465 τινάς

114 1495 169 1561 καὶ
202 1493 382 1583 μιάστορας
410 1490 530 1573 δεδιὼς
562 1494 617 1561 καὶ
645 1488 864 1580 ὑφορώμενος
897 1493 932 1558 ἐκ
963 1492 1025 1559 τοῦ
1057 1489 1134 1578 μιά-

115 1620 249 1686 σματος,
278 1596 360 1667 άλλά
380 1597 490 1690 ὥσπερ
509 1600 576 1666 τισὶ
598 1604 798 1688 καθαρσίοις
816 1612 946 1678 καινοῖς
972 1597 1028 1665 καὶ
1053 1593 1133 1665 άτό-

112 1731 189 1785 ποις
220 1703 299 1786 τοὺς
331 1706 483 1796 πρόσθεν
515 1703 779 1792 άπονιπτόμευος
811 1702 919 1793 άνδρα
947 1700 998 1772 ἐπ’
1029 1699 1133 1792 άνδρὶ

113 1814 169 1880 καὶ
198 1826 359 1897 γυναῖκας
387 1814 440 1880 ἐπὶ
467 1825 537 1891 τοῖς
566 1810 735 1897 φιλτάτοις
763 1807 966 1890 άποκτιννὺς
994 1808 1134 1891 εἰκότως
1148 1834 1174 1875 ιι

115 1915 246 2003 άπίγνω
275 1915 337 2005 τὴν
365 1921 542 2008 ἱκετηρίαν.
588 1920 692 1985 ταῦτα
720 1914 807 1997 είκὸς
834 1916 895 2004 μὲν
923 1912 1030 1984 αὐτόν
1058 1920 1134 1984 δια-

60 2037 95 2084 59
115 2027 295 2111 νοηθῆναι,
323 2022 411 2104 είκὸς
431 2024 467 2092 δὲ
486 2025 541 2092 καὶ
569 2021 675 2105 άλλως
699 2029 795 2110 ἔχειν.
828 2019 952 2112 οὐγὰρ
972 2019 1013 2109 δὴ
1034 2030 1135 2109 ἴσμεν

115 2128 143 2217 ό,
157 2139 193 2199 τί
217 2156 296 2198 ποτε
323 2128 446 2199 παθὼν
472 2127 492 2218 ἢ
527 2129 653 2219 δράσας
685 2126 785 2220 ᾤχετο
814 2127 943 2214 άιστος,
972 2125 1134 2215 άφαντος.

115 2233 186 2304 ἀλλ’
208 2246 272 2304 εἴτε
292 2233 397 2305 αὐτόν
416 2243 547 2324 δαίμων
565 2234 707 2325 τιμωρὸς
725 2235 949 2323 ξυναρπάσας,
977 2230 1132 2322 καθάπερ

107 2339 253 2432 Ὅμηρός
281 2364 365 2430 φησι
393 2342 451 2423 τάς
477 2346 539 2410 τοῦ
561 2342 740 2430 Τυνδάρεω
768 2343 967 2431 θυγατέρας,
995 2342 1049 2407 ἐπὶ
1069 2343 1172 2428 γῆςω

115 2446 188 2535 άγει
224 2450 349 2539 πέρατα
390 2446 509 2528 ποινάς
546 2445 738 2536 άπαιτήσων
778 2451 846 2516 τῶν
884 2446 1133 2534 διανοημάτων,

115 2564 179 2622 είτε
213 2551 318 2622 αὐτὸν
351 2550 368 2622 ὁ
402 2551 549 2641 ποταμὸς
580 2549 826 2643 ὑποδεξάμενος
858 2556 970 2622 ἑστιᾶν
1003 2552 1132 2621 κελεύει

114 2794 173 2854 χης
202 2763 305 2853 αότης
332 2768 387 2834 και
417 2763 560 2855 όπηνίκα
593 2771 628 2834 οί
653 2767 745 2854 λόχοι
778 2766 1017 2834 συνετάττοντο
1046 2764 1134 2854 πρὸς

184 2958 289 3048 1άλης
308 2970 369 3019 Pet.
389 2972 417 3018 iu
437 2968 479 3018 ed.
498 2966 537 3033 fl.]
557 2962 647 3047 ἄλλης
667 2966 670 3032 Ι
692 2962 744 3030 ξυν
763 2964 833 3034 VM]
854 2982 908 3018 ουν
977 2957 1080 3017 4οότε
1099 2992 1133 3002 -

113 3025 180 3085 οὔτε
198 3033 235 3100 Η]
255 3028 377 3087 οὐδε-
395 3025 465 3087 οὐδὲ
534 3037 550 3085 6
574 3026 680 3115 ἄλογον
698 3037 721 3083 V
792 3039 806 3087 Ἰ
830 3027 1058 3117 ἐξεργασάμενον
1076 3032 1132 3099 Ml

114 3119 213 3238 vm
227 3120 268 3220 όάι
272 3095 938 3250 .ἀόλικωνλὲθάίψάάεῗόνῗόῖῖιῗιλιῖάιῗόόνοῧῃλ
911 3096 1086 3252 )όι’ττιετίιςδιάλῖ1
1094 3116 1133 3220 Ityr

114 3187 196 3296 Its
177 3240 200 3287 V
220 3243 248 3287 et
267 3244 337 3304 pet,
360 3228 382 3288 όί
399 3255 442 3297 τις
461 3241 490 3290 Μ
508 3244 581 3288 cant.
600 3238 627 3289 fl.
646 3238 742 3303 spanh
814 3240 844 3287 11
868 3235 1044 3304 διανοηθείη
1063 3239 1135 3289 Hor·

115 3303 219 3383 kelius]
240 3277 408 3385 διαυοηθηΙ
429 3305 512 3386 δρῶν
529 3304 614 3385 idem]
635 3256 713 3387 δρῴη
745 3303 833 3371 (δρᾶν
850 3306 878 3354 Μ
898 3309 970 3356 cant.
989 3303 1026 3368 fl.)
1100 3306 1133 3357 15

115 3362 274 3454 άποκτινυς
292 3376 316 3423 V
370 3376 402 3424 18
420 3389 510 3452 ῳχετο
530 3364 658 3437 ἄπιστος,
676 3357 821 3454 ἄφαντος]
841 3374 939 3437 odyss.
959 3388 987 3433 α,
1006 3375 1065 3437 242,
1084 3374 1135 3424 ubi

115 3458 172 3521 pro
183 3432 314 3506 άφαντος
331 3426 473 3506 legitur
454 3456 578 3501 απυστος
632 3444 663 3493 19
683 3442 867 3522 ξυναρπάσας
880 3438 957 3558 ml
967 3407 1133 3576 ἕξηρκρίρριρ

114 3500 233 3641 {IIII
235 3508 303 3630 ⁹⁰5}
313 3508 440 3629 IIII
459 3504 779 3642 33³A⁸3⁷I1>³333I⁶f⁰
791 3510 834 3626 λι
852 3511 975 3643 ιίῗωί
1021 3524 1035 3568 ⁶
