2392 3960
506 181 640 233 ossfflo
659 183 681 232 1.
1059 182 1101 248 45

83 310 279 401 λαμβάνων,
295 305 374 379 οὐδὲ
389 311 422 390 ές
440 324 550 398 χεῖρας
569 306 781 400 ἀφικόμενος,
796 315 916 397 ἔφευγε
935 314 1100 400 καρτεράς
1118 329 1141 382 Β

85 419 260 504 ἐκπλαγείς
286 414 347 485 τὸν
366 415 493 484 κτύπον
518 418 587 484 τῶν
606 412 730 503 ὅπλων,
758 413 839 486 οὐδὲ
857 415 917 486 τὸν
945 417 1102 486 ἐνυάλιον

84 527 214 595 παιᾶνα
227 525 296 591 τῶν
311 522 544 611 στρατοπέδων
554 523 825 606 έπαλαλαζόντων
839 520 944 604 ἀδεῶς
959 521 1102 593 ἀκούων.

86 636 309 716 διαλυθείσης
340 628 377 696 δὲ
410 632 445 697 οί
474 631 672 716 στρατιῶται
703 632 761 717 τῆς
792 629 912 710 τάξεως
945 630 1101 698 συνιστά-

57 764 182 826 εμενοι
209 735 294 804 κατὰ
321 733 441 821 λόχους
466 734 567 803 πάλιν
594 734 653 803 τὸν
681 731 796 821 ἀγῶνα
824 737 1022 824 συνέβαλον,
1051 741 1101 803 αί-

89 841 290 931 σχννόμενοι
330 839 391 926 μὲν
432 837 584 928 ὀφθῆναι
625 840 806 928 φεύγοντες
847 842 901 908 καὶ
943 840 979 909 τὸ
1021 843 1103 923 τέως
1188 910 1191 916 ,

86 946 232 1017 άπιστον
264 943 389 1015 ἅπασιν
421 942 615 1035 ἀνθρώποις
647 944 701 1034 ἐφ’
736 942 850 1014 αὑτῶν
882 948 987 1027 δεῖξαι
1020 968 1102 1034 συμ-

88 1061 221 1141 βαῖνον,
251 1051 456 1141 στρατιώτην
474 1052 613 1138 Κελεόν,
642 1051 848 1141 στρατιώτην
875 1055 911 1121 έκ
940 1059 1104 1133 Γαλατίας

86 1158 128 1227 τά
161 1162 252 1227 νῶτα
283 1173 354 1238 τοῖς
389 1165 558 1246 πολεμίοις
595 1161 757 1239 δείξαντα.
804 1162 839 1227 οί
868 1160 1034 1247 βάρβαροι
1067 1158 1143 1233 δδο

49 1263 151 1352 ιοτὴν
180 1264 347 1333 ἐπάνοδον
375 1260 615 1350 ἀπεγνωκότες,
643 1270 676 1332 εί
700 1272 888 1350 πταίσειαν,
921 1260 941 1352 ἢ
970 1280 1104 1353 κρατεῖν

90 1367 110 1458 ἢ
151 1369 316 1458 θνήσκειν
356 1369 540 1459 δράσαντές
580 1397 611 1437 τι
652 1369 767 1439 δεινὸν
807 1368 886 1451 τοὺς
925 1376 1106 1458 πολεμίους

89 1473 218 1563 ἠξίουν.
263 1491 332 1557 τοῖς
369 1475 431 1563 μὲν
467 1467 531 1545 οὖν
569 1474 630 1557 ξὺν
666 1479 711 1568 τῷ
748 1476 903 1568 τυράννῳ
940 1480 1105 1545 τοσοῦτον

90 1585 209 1671 περιῆν
237 1583 366 1671 θράσος
393 1584 448 1650 καί
476 1580 560 1670 πρὸς
582 1579 622 1649 τά
650 1580 745 1651 δεινά
766 1585 829 1651 τοῦ
856 1597 977 1671 χωρεῖν
1004 1579 1106 1669 ὁμόσε

91 1684 196 1773 πολλὴ
223 1694 407 1776 προθυμία.
454 1692 489 1756 οί
514 1687 552 1755 δὲ
579 1689 648 1755 τῶν
676 1685 764 1756 ὅλων
791 1687 1026 1777 κρατήσαντες,
1054 1693 1105 1755 αί-

56 1792 253 1881 ωδοόμενοι
280 1793 342 1881 μὲν
374 1791 537 1881 ἀλλήλους
563 1795 618 1861 καὶ
645 1792 706 1862 τὸν
738 1796 891 1881 βασιλέα,
917 1793 1106 1883 παροξυνό-

90 1925 186 1986 μενοι
215 1897 252 1967 δλ
279 1895 345 1967 όπδ
374 1902 441 1967 τῶν
468 1899 570 1968 πάλαι
593 1900 865 1988 κατορθωμάτων
891 1901 947 1968 καὶ
973 1903 1042 1968 τόν
1069 1902 1106 1967 έν

90 2005 184 2093 χερσὶ
212 2008 373 2093 λαμπρόν
396 2007 451 2073 καί
469 2007 550 2085 τέως
578 2001 726 2073 ἀπίστων
745 2012 864 2094 ἔργων,
892 2007 984 2086 τέλος
1011 2003 1107 2085 ἀξιον

90 2125 161 2191 τοῖς
187 2113 480 2199 προυπηργμένοις
507 2113 674 2179 ἐπιθεῖναι
697 2110 971 2198 φιλοτιμούμενοι
998 2110 1149 2183 πάνταΙ)

91 2210 260 2303 ὑπέμενον
296 2212 403 2304 ἡδέως
437 2217 545 2285 πόνον
581 2218 638 2284 καλ
673 2222 846 2285 κίνδυνον.
896 2213 1005 2305 ὥσπερ
1043 2207 1106 2285 οὖν

54 2346 79 2389 ιο
92 2318 168 2411 άρτι
186 2324 245 2409 τῆς
262 2323 474 2411 παρατάξεως
493 2319 687 2412 ἀρχομένης,
715 2321 889 2403 συνιόντες
907 2323 1008 2392 πάλιν
1028 2328 1109 2407 ἔργα

91 2428 215 2515 τόλμης
256 2425 496 2498 ἀπεδείκνυντο
538 2429 593 2496 καὶ
629 2431 746 2518 θυμοῦ
787 2442 941 2515 γενναῖα,
979 2432 1015 2495 ολ
1048 2427 1109 2514 μὲν

93 2529 288 2621 ὠθούμενοι
315 2536 390 2623 περὶ
418 2549 487 2615 τοῖς
506 2536 648 2622 ξίφεσιν,
677 2533 771 2604 ἀλλοι
800 2535 837 2604 δὲ
861 2533 1110 2623 λαμβανόμενοι

92 2642 162 2707 τόν
189 2635 359 2725 ἀσπίδων,
392 2642 448 2709 καλ
475 2642 543 2708 τῶν
572 2642 698 2709 ίππέων
731 2637 877 2722 ὁπόσους
904 2644 999 2710 ἵπποι
1026 2667 1109 2728 τρω-

92 2746 211 2826 θέντες
238 2741 433 2814 ἀπεσείοντο
460 2743 545 2835 πρδς
566 2744 647 2827 τοὺς
665 2743 801 2828 ὁπλίτας
827 2745 1110 2835 μετεσκευάζοντο.

57 2854 199 2919 αταῦτα
231 2855 341 2940 ἔδρων
372 2856 408 2920 οί
438 2850 499 2933 ξὺν
534 2854 581 2943 τῷ
612 2852 768 2944 τυράννῳ
801 2867 871 2933 τοῖς
902 2860 1009 2935 πεζοῖς
1041 2853 1110 2920 ἐπι-

95 2962 283 3045 βρίσαντες·
312 2958 368 3025 καὶ
395 2949 439 3045 ἦν
467 2952 484 3026 ό
512 2957 654 3045 πόλεμος
674 2961 707 3039 ἐξ
735 2968 819 3046 ίσης,
847 2961 909 3039 ἕως
937 2962 972 3026 οί
996 2968 1110 3046 θωρα-

167 3143 184 3190 5
207 3136 369 3207 συνέβαλον
390 3156 476 3206 marg.
496 3139 604 3207 spanh]
627 3138 803 3208 συνέβαλλον
824 3142 862 3203 V,
891 3139 996 3193 σννέλα
1017 3157 1049 3191 ον
1073 3143 1110 3201 Μ,

95 3200 257 3272 κατέβαλον
274 3223 292 3257 v
350 3199 482 3259 ῖαάιῶν
499 3205 573 3273 Pan]
594 3202 672 3279 αὐτῷ
690 3201 792 3274 (αὑτὸν
810 3208 849 3274 Μ)
914 3213 946 3260 10
964 3206 992 3261 εί
1024 3202 1110 3287 RV]

95 3271 251 3326 πταίσειαν
272 3272 310 3342 Η]
332 3274 487 3327 πταίσαιεν
561 3279 593 3326 13
620 3268 750 3340 θράσους
771 3277 860 3342 wytt.
887 3274 892 3344 Ι
918 3274 968 3328 καλ
991 3281 1054 3342 post
1076 3291 1113 3327 τα

96 3335 181 3394 δεινά
203 3342 440 3407 transponendum
462 3343 571 3395 videtur
642 3347 673 3395 14
694 3342 785 3409 πολλῇ
808 3343 961 3410 προθυμίᾳ
983 3345 1011 3397 fl.
1081 3345 1113 3395 18

95 3424 117 3459 α
134 3405 364 3491 οσνπηργμένοις
380 3410 406 3459 V
474 3413 505 3461 21
530 3402 741 3464 ἀπεδείκνυντο
762 3408 797 3476 V]
821 3405 1027 3464 ἐπεδείκνυντο
1079 3413 1112 3461 22

120 3491 230 3557 Jeep,
258 3479 341 3529 αλλοι
367 3472 401 3529 δὲ
430 3480 454 3529 λ.
478 3477 535 3530 τῶν
561 3470 626 3530 άτπ.
651 3477 689 3545 V]
718 3477 829 3544 ξίφεσι·
858 3477 941 3546 λαμβ.
970 3473 1003 3528 δὲ
1030 3467 1113 3530 άλλοι

95 3560 153 3595 των
170 3558 240 3597 ασπ.
