2392 3960
111 123 174 186 248
409 123 553 175 mmm
574 122 824 174 ιιιυυεαυοοιε

25 290 27 297 <
111 249 214 338 τυχὸν
246 250 307 338 μὲν
339 247 494 337 ἀληθέσι,
530 247 633 337 τυχὸν
670 248 707 318 δὲ
738 249 877 331 ψευδέσι
913 268 1127 337 προσπεπον-

111 361 218 426 θέυαι.
265 353 391 425 ούκουν
419 352 499 424 οὐδὲ
526 365 560 424 εί
582 362 618 423 τί
641 355 849 444 Πυθαγόρας
876 361 957 443 ἔφη,
985 352 1070 424 ούδδ
1097 364 1133 425 εί

111 491 160 544 τις
201 461 299 543 ἀλλος
338 464 384 552 τῷ
421 461 611 552 Πυθαγόρᾳ
652 460 893 550 παραπλήσιος,
934 457 1128 543 ἀξιόπιστος

112 569 221 638 ἐδόκει
238 572 285 659 τῷ
305 569 471 654 Διογένει.
506 566 567 636 τὸν
586 565 649 657 γὰρ
667 568 761 655 θεόν,
785 563 980 656 ἀνθρώπων
998 564 1127 637 οὐδένα

73 678 170 763 Οτης
196 681 400 763 φιλοσοφίας
431 671 580 764 ἀρχηγὸν
608 677 791 763 ἐπεποίητο.
836 681 871 742 τί
900 676 984 762 δῆτα
1010 676 1153 763 τοῦτο,ε

112 783 211 869 ἐρεῖς,
247 778 330 871 πρὸς
365 779 427 869 τὴν
459 785 521 850 τοῦ
556 779 747 862 πολύποδος
783 779 929 869 ἐδωδην;
966 780 1032 867 ἐγώ
1070 801 1127 850 σοι

112 887 240 977 φράσω.

194 991 264 1082 Τὴν
300 999 534 1082 σαρκοφαγίαν
573 996 608 1060 οί
642 992 703 1080 μὲν
744 989 939 1081 ἀνθρώποις
973 987 1126 1081 ὑπολαμ-

112 1099 256 1187 βάνουσι
284 1098 367 1168 κατδι
395 1099 511 1186 φύσιν,
539 1102 575 1167 οί
600 1098 637 1166 δὲ
659 1096 776 1186 ἥκιστα
798 1101 897 1167 τούτο
926 1097 1127 1187 ἐργάζεσθαι

111 1205 292 1295 προσήκειν
320 1202 489 1295 ἀνθρώπῳ
518 1207 751 1291 διανοοῦνται,
784 1205 840 1274 καὶ
867 1200 972 1286 πολύς
998 1199 1017 1273 δ
1046 1206 1124 1294 περὶ
1139 1230 1167 1270 ιο

110 1311 234 1380 τούτου
262 1317 432 1380 δείκνυται
459 1310 567 1396 λόγος.
613 1311 764 1379 ἐθέλοντι
792 1301 855 1379 οὖν
874 1330 928 1379 σοι
950 1307 994 1398 μὴ
1015 1313 1125 1401 ῥᾳθυ-

111 1431 186 1504 μεῖν
218 1419 311 1504 ἕσμοὶ
344 1419 419 1506 περὶ
450 1420 512 1485 τοῦ
543 1417 700 1485 τοιούτου
737 1423 865 1504 βίβλων
902 1415 1124 1504 φανήσονται.

110 1523 251 1604 τούτους
287 1525 452 1610 Διογένης
488 1523 668 1610 ἐξελέγχειν
705 1520 785 1613 φ’όετο
823 1528 905 1591 δεῖν.
960 1523 1125 1612 διενοήθη

112 1631 196 1714 γοῦν
224 1626 341 1710 οὕτως·
370 1635 401 1697 εί
426 1627 488 1716 μὲν
516 1625 794 1718 ἀπραγματεύτως
812 1632 939 1698 ἐσθίων
966 1656 1016 1710 τις
1042 1630 1124 1719 σάρ-

110 1763 185 1822 κας,
217 1733 327 1824 ὥσπερ
361 1731 452 1822 οἶμαι
483 1737 551 1804 τῶν
583 1732 693 1803 ἀλλων
724 1737 866 1804 ἕκαστον
892 1741 1040 1825 θηρίων,
1073 1729 1125 1817 οἷς
1138 1759 1164 1801 ιο

66 1859 92 1914 Ι)
111 1844 209 1910 τοῦτο
237 1847 366 1929 ἔνειμεν
384 1838 405 1930 ἡ
424 1840 536 1929 φύσις,
564 1838 718 1928 ἀβλαβῶς
736 1837 818 1910 αὐτὸ
838 1842 893 1910 καὶ
913 1839 1124 1930 ἀνεπαχθῶς,

110 1951 237 2035 μᾶλλον
265 1947 301 2017 δὲ
328 1950 384 2018 καί
403 1945 483 2036 μετὰ
500 1951 558 2036 τῆς
584 1949 647 2016 τοῦ
674 1947 824 2036 σοι’ματος
844 1945 1006 2036 ἀφελείας
1024 1947 1122 2038 ἐργό-

112 2061 212 2141 ζοιτο,
244 2051 327 2124 κατά
365 2055 470 2142 φύσιν
507 2052 593 2123 εἶναι
625 2053 756 2136 πάντως
791 2052 855 2142 τὴν
888 2060 1124 2144 σαρκοφαγίαν

110 2155 288 2248 ὑπέλαβεν·
326 2166 357 2230 εί
379 2162 427 2250 δέ
456 2187 506 2242 τις
537 2163 696 2230 ἐντεῦθεν
727 2162 857 2247 γένοιτο
890 2159 1015 2249 βλάβη,
1046 2157 1122 2248 ούχλ

109 2269 209 2335 τοῦτο
240 2264 425 2357 ἀνθρώπου
452 2264 490 2336 τὸ
519 2271 619 2356 ἔργον
652 2275 732 2347 ίσως
760 2266 924 2355 ἐνόμισεν,
953 2263 1025 2336 ἀλλ’
1056 2264 1159 2355 ἀφ-νο

110 2375 222 2442 εκτέον
241 2370 328 2442 εἶναι
346 2371 429 2443 κατὰ
456 2371 576 2462 κράτος
604 2369 717 2442 αύτοῦ.
753 2367 801 2453 εἷς
828 2371 889 2461 μὲν
917 2363 981 2443 οὖν
1008 2369 1121 2461 ἀνείη

109 2483 261 2560 τοιοῦτος
287 2476 372 2569 ὑπὲρ
390 2482 452 2549 τού
478 2478 670 2569 πράγματος
693 2487 773 2559 ἴσως
799 2479 985 2569 βιαιότερος
1012 2479 1122 2566 λόγος,

111 2586 220 2674 ἕτερος
247 2584 284 2654 δὲ
312 2585 510 2675 οίκειότερος
535 2588 581 2678 τῷ
609 2589 787 2677 Κυνισμβ,
818 2591 851 2654 εί
880 2587 955 2675 περὶ
981 2589 1043 2655 τοῦ
1069 2587 1120 2655 τέ-

55 2699 194 2772 192λους
217 2688 322 2760 αὐτού
349 2690 513 2781 πρότερον
532 2698 580 2760 ἔτι
599 2693 805 2782 σαφέστερον
824 2694 1001 2780 διέλθοιμι.
1037 2689 1120 2762 ἀπύ-

108 2807 207 2866 θειαν
239 2796 303 2889 γὰρ
335 2801 512 2867 ποιοῦνται
542 2797 580 2867 τὸ
608 2800 713 2880 τέλος·
745 2801 844 2867 τούτο
878 2798 915 2867 δὲ
948 2808 1024 2868 ίσον
1052 2800 1159 2869 ἐστὶν

107 2905 153 2993 τῷ
186 2902 271 2973 θεὸν
303 2906 469 2992 γενέσθαι.
520 2903 768 2993 αἰσθανόμενος
800 2895 864 2975 ούν
901 2914 981 2986 ἴσως
1013 2900 1120 2975 αὑτοῦ

109 3011 274 3098 Διογένης
301 3013 338 3080 ἐν
370 3010 430 3100 μὲν
457 3024 527 3092 τοῖς
554 3008 666 3104 ἀλλοις
698 3008 821 3080 ἅπασιν
849 3008 1020 3100 ἀπαθοῦς,
1052 3007 1119 3082 ύπὸ

193 3218 208 3266 2
232 3209 339 3268 οόκουν
358 3215 397 3283 Η]
423 3209 530 3269 ούκοῦν
547 3217 711 3281 ΗοτΙιοΙίοε,
731 3210 783 3269 οάκ
804 3234 820 3266 v
905 3221 922 3268 4
944 3209 1137 3285 Modum}

107 3274 272 3348 ἀνθρώπων
299 3279 356 3336 δελ
443 3288 473 3335 ll
502 3282 665 3352 δείκνυται]
696 3285 790 3352 „Num
822 3277 1021 3350 διήνυσταιδ*
1051 3285 1120 3340 ΒτῙι.

106 3352 203 3402 Malim
233 3343 393 3412 ἀνάλωται,
424 3359 456 3404 ut
480 3353 566 3413 2921)
595 3359 644 3403 aut
670 3344 841 3418 διήντλητοιι
865 3351 912 3408 (cf.
935 3353 1071 3408 Athenae.
1096 3353 1119 3400 V
1161 3392 1164 3397 -

107 3435 134 3483 p.
154 3422 203 3471 185
216 3421 250 3482 A)
333 3423 364 3470 12
383 3414 463 3486 ἑσμοί
483 3415 522 3484 H]
541 3413 622 3504 ἑσμοὶ
703 3424 735 3471 14
753 3419 824 3487 γοῦν
843 3411 933 3480 οὗτος
950 3419 1030 3488 Βαλα]
1048 3418 1120 3488 γοῦν

107 3480 144 3546 ὥς
213 3490 246 3539 25
266 3486 328 3539 ἴσον
347 3479 406 3540 ἐστὶ
425 3485 462 3554 Η]
481 3480 543 3538 ἶσόν
562 3502 622 3540 εστι
642 3500 643 3503 ’
