2392 3960
434 139 639 192 EPISTOLAE
659 141 699 191 3⁷.
718 141 758 191 38.
1040 138 1105 204 535

89 273 108 343 ὁ
132 273 254 363 χρόνος
277 273 425 343 ἀπέδωκε
446 273 555 361 τάξιν,
588 271 884 364 εὐχαριστήσαντες
904 287 975 354 τοῖς
996 274 1105 344 πάντα
1123 289 1147 344 Β

90 379 233 468 ἀγαθοῖς
259 390 368 467 θεοῖς,
401 387 437 450 οἳ
460 382 541 460 τέως
567 379 629 468 μὲν
656 379 799 468 γράφειν
822 380 896 468 ἐμοὶ
919 381 1106 471 συνεχάρη-

89 507 166 572 σαν,
190 497 269 566 ίσως
292 487 329 555 δὲ
351 485 433 575 ήμῖυ
454 487 511 555 καλ
530 485 696 574 ἀλλήλους
714 491 801 555 ίδεῖυ
818 487 1105 582 συγχωρήσουσιν.

89 591 135 673 ὥς
157 596 291 683 πρῶτον
314 591 527 683 αὐτοκράτωρ
550 590 642 662 άκων
665 592 845 684 ἐγενόμην,
868 594 913 675 ὡς
936 604 1049 664 ίσασιν
1072 599 1108 665 οί

60 706 181 768 εθεοί·
217 694 272 767 καὶ
299 703 398 769 τοῦτο
427 697 541 780 αὐτοῖς
567 701 755 788 καταφανὲς
777 697 818 769 δν
840 703 1007 790 ἐνεδέχετο
1030 703 1104 792 τρό-

87 829 154 874 πον
178 808 331 890 ἐποίησα·
356 804 557 895 στρατεύσας
580 807 631 875 bul
647 805 733 888 τοὺς
752 806 953 897 βαρβάρους,
976 810 1105 897 ἐκείνης

88 940 145 1000 μοι
177 913 360 999 γενομένης
387 912 553 1002 τριμήνου
578 916 637 1000 τῆς
663 918 850 1002 στρατείας,
882 913 1030 983 έπανιόιν
1056 922 1104 997 είς

86 1046 167 1098 τους
189 1016 395 1098 Γαλατικοὺς
421 1017 595 1106 αἰγιαλοὺς
621 1019 828 1089 ἐπεσκόπουν
853 1021 1000 1090 καὶτῶν
1023 1023 1142 1092 &net-G

72 1124 152 1193 ’θεν
179 1124 332 1213 ἡκόντων
355 1124 659 1213 άνεπυνθανόμην,
691 1126 736 1214 μή
754 1152 806 1206 τις
826 1126 1029 1216 φιλόσοφος,
1057 1130 1103 1218 μή

48 1252 73 1292 10
86 1259 137 1311 τις
164 1232 379 1319 σχολαστικὸς
400 1229 421 1320 ἢ
444 1232 625 1320 τριβώνιον
647 1229 668 1320 ή
691 1238 865 1319 χλανίδιον
887 1239 1006 1324 φοράν
1028 1263 1104 1305 κατ·

86 1329 194 1426 ἦρεν.Ι
227 1340 296 1407 ἐπεὶ
334 1340 371 1407 δὲ
402 1339 478 1427 περὶ
508 1337 569 1407 τὸν
600 1345 821 1409 Βικεντίωνα·
857 1347 1033 1428 πολίχνων
1064 1342 1103 1411 δδ

86 1449 153 1513 νῦν
185 1448 275 1514 ἐστὶν
307 1444 559 1544 άνειλημμένη,Ι
576 1445 678 1515 πάλαι
707 1446 744 1514 δὲ
771 1445 896 1534 μεγάλη
923 1431 959 1515 τε
981 1440 1025 1535 ἦν
1046 1450 1102 1518 καὶ

85 1554 301 1620 πολυτελέσιν
339 1556 440 1640 ἱεροῖς
475 1551 692 1639 ἐκεκόσμητο,
727 1558 826 1639 τείχει
862 1557 1009 1645 καρτερῷ
1045 1555 1101 1624 καί
1115 1575 1141 1616 ⁶⁸

84 1659 220 1744 προσέτι
251 1662 291 1747 τῇ
324 1658 424 1745 φάσει
454 1662 517 1727 τοῦ
548 1664 689 1745 χωρίου·
723 1668 860 1744 περιθεῖ
883 1658 956 1746 γάρ·
975 1658 1099 1732 αὐτδδ

48 1781 72 1821 1⁵
87 1768 217 1849 Λοῦβις
248 1763 409 1852 ποταμός·
441 1762 462 1851 ἡ
491 1763 528 1831 δὲ
555 1762 664 1853 ὥσπερ
695 1767 732 1832 έν
758 1764 908 1854 θαλάττῃ
930 1767 1102 1856 πετρώδης

85 1869 171 1958 άκρα
194 1868 384 1958 άνέστηκεν,
407 1867 529 1956 άβατος
552 1867 669 1956 ὀλίγον
692 1872 757 1939 δέω
779 1871 886 1957 φάναι
908 1873 964 1942 καὶ
987 1861 1102 1955 αὐτοίς

85 1976 212 2063 όρνισι,
242 1975 329 2063 πλήν
357 1975 419 2044 ὅσα
443 1976 461 2044 ὁ
485 1966 633 2063 ποταβδς
654 1974 762 2064 αὐτὴν
783 1980 969 2068 περιρρέων
990 1978 1144 2072 όόσπερΙ)

84 2084 179 2162 τινὰς
197 2081 369 2169 αἰγιαλοὺς
387 2087 453 2170 ἔχει
471 2085 725 2170 προκειμένους·
748 2080 870 2170 ταύτης
886 2089 1101 2174 πλησίοντής

85 2190 212 2268 πόλεως
235 2186 402 2276 άπήντησε
424 2187 561 2267 κυνικός
582 2214 632 2268 τις
653 2185 751 2276 άνήρ,
774 2193 860 2275 ἔχων
878 2195 1027 2279 τρίβωνα
1044 2194 1101 2262 καλ

48 2310 73 2351 ²0
87 2302 279 2383 βακτηρίαν.
315 2298 436 2364 τοῦτον
458 2294 639 2384 πόρρωθεν
660 2293 871 2382 θεασάμενος
893 2295 996 2366 οὐδὲν
1018 2298 1098 2369 άλλο

84 2400 255 2487 ὑπέλαβον
281 2397 302 2487 ή
331 2403 384 2486 σέ,
415 2406 559 2487 πλησίου
591 2401 629 2469 δὲ
655 2398 720 2488 ήδη
748 2399 898 2486 προσιόν
923 2403 1013 2493 παρά
1036 2409 1101 2474 σοῦ

83 2508 218 2587 πάντως
245 2506 340 2594 ήκειν
367 2503 472 2575 αὐτὸν
499 2505 661 2593 ἐνόμιζον.
706 2499 806 2586 οὗτος
832 2504 864 2575 δ’
889 2505 975 2597 άνήρ
1002 2517 1101 2598 φίλος

84 2617 164 2702 μέν,
196 2606 297 2701 ήττον
324 2613 362 2681 δὲ
388 2616 447 2700 τής
472 2609 753 2701 προσδοκωμένης
783 2614 924 2695 ἐλπίδος.
973 2618 1013 2685 ἓν
1038 2617 1100 2705 μὲν

85 2721 123 2789 δά
155 2724 312 2789 τοιοῦτον
340 2718 424 2804 όναρ
452 2718 581 2806 ἐγένετό
605 2746 672 2807 μοι.
717 2717 798 2807 μετὰ
819 2723 919 2791 τοῦτο
944 2721 981 2790 δὲ
1003 2721 1100 2815 ᾤμην

154 2946 339 3004 ἳθεοῑςοω.
360 2945 401 2995 Pk
458 2942 642 3010 ἵστρατείας
659 2941 698 3011 Η]
718 2943 854 3011 στρατιᾶς
910 2939 1099 3013 8αίγιαλοός
1171 2996 1174 3000 .

85 3013 206 3063 accessit
224 3029 239 3064 e
257 3013 313 3076 Pk,
332 3011 380 3063 sed
397 3013 444 3064 vix
462 3028 557 3063 sanum
575 3018 619 3064 est
681 3014 713 3063 11
732 3009 914 3064 Βεσοντίωνα
930 3013 1099 3068 Falkenbur·

84 3082 155 3145 gius.
174 3078 451 3142 ,,Ροε1ιΒικεντίωνα
463 3078 596 3132 nonnulla
606 3079 694 3132 verba
706 3077 842 3131 excidisse
854 3080 1001 3134 arbitror.“
1013 3082 1098 3139 Hrch.

85 3151 117 3197 12
136 3147 210 3198 Fort.
230 3138 443 3214 ἀνειλημμένον
462 3147 637 3199 scribendum
659 3151 688 3200 et
705 3153 769 3214 post
786 3133 823 3214 ἦν
844 3147 999 3200 addendum
1014 3142 1099 3212 πόλις

86 3216 118 3265 13
136 3230 224 3280 καρτε
243 3208 262 3266 ά
280 3216 347 3268 Rsk.
399 3219 433 3267 14
449 3207 545 3280 αότήν
563 3213 649 3269 Hrch.
701 3210 1098 3296 λθΔοῦβιςΡεΠτειιλιοεμίυε

83 3289 113 3333 et
130 3233 243 3349 ΗογΙεεῖ
263 3279 410 3348 Δάνουβις
426 3300 459 3349 v,
479 3277 565 3351 δάβις
581 3283 625 3333 Pk
640 3275 678 3348 Ιή
699 3275 732 3335 δὲ
744 3281 846 3351 Πτολε]
865 3271 921 3362 ήβε
955 3287 989 3336 20
1005 3280 1097 3338 ουδδν

82 3342 167 3416 ἄλλο]
188 3351 233 3401 Sic
251 3352 334 3402 etiam
351 3351 440 3416 Epist.
458 3355 500 3403 40.
519 3368 545 3418 p.
563 3350 651 3401 4171)
734 3353 769 3402 v21
787 3365 914 3417 προσιων
932 3349 1053 3404 Βίιιλειιίε
1070 3358 1098 3404 et

83 3418 169 3481 Βοὴ,
188 3420 236 3482 qui
253 3418 340 3469 addit:
361 3419 424 3482 „vel
442 3421 534 3485 potius
552 3413 744 3497 προσιόγτα“;
763 3410 872 3486 προϊάν
891 3415 925 3485 εΙ
947 3415 1098 3487 παρόσον

83 3501 115 3548 v,
134 3489 252 3536 correxit
269 3487 373 3552 Heyler
441 3489 475 3538 22
493 3479 568 3553 ἀνὴρ
585 3483 624 3552 Η]
643 3481 719 3554 ανήρ
1088 3490 1092 3495 ’
