2392 3960
505 155 642 208 ORATIO
659 157 681 210 1.
1061 157 1101 218 51

86 298 157 365 τοῖς
185 289 382 372 καταίρουσι
409 281 635 373 παρασχόντα·
663 284 744 365 τέως
763 283 800 352 δὲ
819 279 900 352 οὐδὲ
918 291 1104 371 παραπλεῖν

86 387 234 479 ἀσφαλὲς
272 387 352 459 οὐδὲ
390 386 575 458 άκίνὸυνον
613 389 734 458 ἐδόκει
772 387 879 471 οὕτως
915 381 958 477 ἦν
994 390 1103 458 πάντα
1122 411 1155 463 41

85 500 258 566 σκοπέλων
290 499 394 564 τινῶν
430 497 487 564 καὶ
518 499 649 586 πετρῶν
686 492 827 584 ὑφάλων
860 493 1007 565 ἀνάπλεα
1044 500 1103 583 τῆς

84 603 261 691 θαλάσσης
287 605 389 691 τῆσδε
407 601 490 692 πρὸς
507 617 580 683 ταῖς
597 599 682 692 ᾐόσι.
715 600 815 684 στοάς
843 602 880 671 δὲ
903 603 959 671 καὶ
977 603 1103 692 κρήνας

60 712 140 780 ικαὶ
168 707 232 779 ὅσα
258 712 398 778 τοιαῦτα
425 707 514 799 παρά
532 712 600 777 τῶν
628 705 789 798 ὑπάρχων
816 708 872 778 διὰ
900 709 938 778 σὲ
964 710 1103 797 γέγονεν

85 814 166 887 οὐδὲ
199 813 373 904 ὀνομάζειν
410 812 513 896 άξιον.
559 811 667 884 ὁπόσα
700 815 738 883 δὲ
769 818 809 904 τῇ
841 814 978 907 πατρῴᾳ
1010 816 1103 885 πόλει

84 923 336 1012 προστέθεικας,
362 937 469 1009 τεῖχος
496 921 557 1010 μέν
576 918 661 1010 αὐτῇ
688 919 799 1012 κύκλῳ
826 920 1017 1011 περιβαλὼν
1045 918 1103 1011 ιἰρ-

84 1030 228 1118 ξάμενον
264 1029 348 1115 τότε,
384 1026 424 1096 τά
462 1031 629 1098 δοκοῦντα
662 1027 699 1097 δὲ
733 1024 796 1097 οὐκ
828 1025 987 1115 ἀσφαλῶς

83 1140 152 1205 τῶν
181 1134 458 1224 οἰκοδομημάτων
486 1141 533 1216 είς
556 1132 730 1203 ἀθάνατον
759 1130 944 1223 ιἰσφάλειαν
971 1161 1102 1204 κατατι-

49 1270 72 1310 ιι
83 1250 175 1329 θείς,
211 1247 261 1323 τίς
297 1237 340 1310 άν
377 1239 664 1331 άπαριθμήσαιτο;
702 1244 860 1324 ἐπιλείψει
896 1269 937 1329 με
972 1242 1143 1312 τοότωνΒ

84 1351 226 1419 ἕκαστον
254 1343 272 1416 ό
300 1347 421 1438 χρόνος
449 1348 682 1435 διηγούμενον.

164 1464 314 1524 Σαιοπελν
346 1454 383 1522 δὲ
415 1449 499 1543 ὑπὲρ
532 1449 689 1522 ἁπάντων
722 1451 817 1535 άξιον
847 1451 913 1543 ἤδη
946 1457 1015 1523 τῶν
1043 1459 1101 1545 ρη

83 1563 233 1648 θέντων,
271 1566 303 1629 εί
336 1558 416 1648 μετά
458 1557 576 1648 ιἰρετης
611 1562 667 1628 καὶ
704 1563 762 1649 της
799 1566 970 1647 βελτίστης
1006 1563 1102 1643 ἕξεως

85 1664 217 1738 ἅπαντα
245 1668 374 1753 γέγονε·
402 1666 510 1758 τούτῳ
540 1665 604 1756 γὰρ
631 1664 696 1754 ἤδη
724 1668 780 1735 καὶ
808 1669 876 1735 τῶν
904 1666 1016 1754 λόγων
1044 1664 1101 1757 άρ-

48 1774 225 1863 ιιχόμενος
252 1773 393 1861 μάλιστα
411 1774 587 1861 προσέχειν
614 1771 675 1841 τὸν
693 1776 780 1842 νοῦν
807 1769 935 1862 ἠξίουν.
973 1770 1102 1843 οὐκοῦν

83 1883 129 1971 τῷ
157 1881 258 1970 πατρὶ
285 1878 346 1967 μέν
365 1876 511 1966 εὐσεβῶς
528 1881 584 1948 καὶ
603 1879 853 1969 φιλανθρώπως
880 1877 970 1962 ὅπως
997 1901 1100 1969 προσ-

82 1987 248 2075 ηνέχθης,
277 1982 433 2073 ὁμονοῶν
457 1985 495 2054 δὲ
521 1984 604 2075 πρὸς
622 1984 702 2066 τοὺς
726 1983 895 2074 ἀδελφοὺς
919 1989 1102 2068 διετέλεσας

82 2092 143 2162 τὸν
172 2090 302 2160 ἅπαντα
329 2092 464 2181 χρόνον,
492 2089 675 2182 ἀρχόμενος
702 2091 764 2179 μὲν
791 2091 991 2180 προθύμως,
1019 2113 1099 2161 συν-

84 2200 198 2287 άρχων
226 2197 264 2267 δέ
295 2201 435 2279 ε’κείνοις
468 2198 666 2287 σωφρόνως,
699 2197 799 2266 πάλαι
826 2225 861 2266 τε
889 2207 1016 2289 είρηται
1044 2201 1139 2271 καλΟ

45 2308 150 2375 ωνῦν
179 2301 349 2386 άξιούσθω
382 2303 521 2393 μνήμης.
561 2307 661 2374 τοῦτο
690 2303 727 2372 δὲ
760 2301 851 2385 ὅστις
878 2309 996 2394 μικράς
1024 2303 1099 2394 άρε-

82 2415 142 2500 τῆς
175 2418 276 2500 ἔργον
308 2406 474 2499 ὑπέλαβεν
503 2408 720 2501 Ἀλέξανδρον
751 2409 812 2479 τὸν
847 2418 1016 2481 Φιλίππου
1043 2414 1100 2481 καὶ

81 2521 202 2605 Κῦρον
229 2514 289 2586 τὸν
306 2516 495 2606 Καμβύσου
524 2521 659 2586 σκοπῶν
687 2520 869 2586 ἐπαινείτω.
907 2514 1007 2606 ὁμὲν
1034 2517 1099 2609 γάρ

82 2624 257 2713 μειράκιον
285 2628 332 2691 ἔτι
360 2627 480 2712 κομιδῇ
499 2626 578 2692 νέον
606 2627 707 2712 δῆλος
725 2615 768 2711 ἦν
794 2626 856 2694 τοῦ
882 2650 1007 2715 πατρος
1036 2623 1099 2694 οὐκ

83 2728 283 2818 άνεξόμενος
310 2727 484 2818 άρχοντος,
517 2725 535 2798 ό
565 2729 601 2798 δὲ
630 2727 783 2818 άφείλετο
810 2729 873 2818 τὴν
905 2728 1011 2821 ἀρχὴν
1038 2729 1099 2800 τόν

46 2837 228 2906 ιιπάππον.
278 2835 335 2904 καὶ
371 2839 474 2904 ταῦτα
507 2832 618 2917 οὐθείς
655 2839 745 2904 ἐστιν
782 2834 917 2926 (οὕτως)
955 2834 1098 2926 ἠλίθιος,

150 3058 219 3106 2-4
237 3055 346 3107 codices
365 3056 425 3106 VM
443 3062 555 3106 secutus
573 3072 641 3106 sum.
664 3055 755 3121 Vulgo
773 3058 860 3107 verba
878 3054 929 3120 τῆς
948 3050 1098 3124 θαλάσσης

82 3123 171 3190 τῆσδε
189 3117 262 3187 πρὸς
280 3128 343 3183 ταῖς
360 3115 438 3188 ηἰόοι
459 3117 534 3190 (ᾐόσι
552 3124 671 3185 correxi)
690 3129 753 3188 post
775 3115 871 3175 πάντα
889 3125 1019 3190 leguntur
1080 3129 1096 3175 5

83 3186 134 3243 διὰ
156 3186 188 3242 οὲ
211 3190 283 3258 VM]
307 3187 359 3242 διά
382 3206 412 3242 σε
490 3195 506 3244 8
532 3185 652 3258 άσφαλη
675 3192 713 3244 Μ.
748 3192 815 3244 Post
841 3183 1097 3263 άοφαλῶςμοίίυε

83 3254 160 3327 ἔχειν
185 3260 232 3311 vel
259 3259 347 3310 simile
376 3259 440 3324 quid
462 3259 574 3310 videtur
599 3259 735 3311 excidisse
805 3261 836 3309 11
864 3251 879 3313 ὃ
903 3252 1006 3327 χρόνος
1028 3259 1096 3325 VM]

83 3322 185 3395 χρόνος
254 3329 286 3378 16
313 3326 352 3378 τῶ
371 3323 459 3391 πατρὶ
482 3325 553 3393 VM]
575 3324 663 3391 πατρί
737 3330 771 3378 20
792 3319 928 3391 άξιάσθω
951 3331 988 3391 V,
1010 3320 1096 3392 ἠξιώ-

84 3395 146 3447 οθω
166 3397 197 3445 Μ
265 3397 299 3445 24
321 3385 464 3460 άφείλατο
486 3394 511 3444 V
579 3398 611 3446 25
636 3387 726 3454 οὕτως
749 3395 812 3445 add.
837 3398 876 3459 H,
904 3395 971 3445 Rsk.
1010 3392 1036 3445 εί
1057 3387 1095 3460 μὴ

84 3457 160 3581 πχὶνυ
177 3458 298 3582 ήλίιθιοχ
315 3463 446 3581 εοιὶοεχρ,
466 3468 549 3513 antea
563 3468 655 3514 autem
673 3468 736 3528 post
753 3462 846 3514 ταῦτα
864 3463 964 3514 addere
984 3461 1097 3514 σκοπῶν

86 3546 100 3581 ο
129 3546 160 3583 σε
178 3544 229 3597 pos
260 3546 353 3582 σεται
370 3545 406 3581 vu

828 3613 866 3667 4*
