2392 3960
515 182 652 234 οιεετιο
670 184 693 233 1.
1071 188 1113 252 43

90 304 229 388 ἄκοντες
264 303 346 395 ἡμῖν
382 304 593 396 ὑπήκουσαν,
626 315 660 390 ἐς
693 309 756 399 (τε)
788 310 868 393 τοὺς
903 314 1112 400 καταλόγους

88 416 159 483 τών
186 413 444 502 στρατευμάτων
471 415 696 504 ἐγγράφονται
723 418 779 485 καὶ
806 418 881 506 τέλη
909 422 1110 509 παρέχονται

89 518 226 609 λαμπρά
258 518 348 609 παρά
379 522 448 588 τῶν
481 524 551 589 σῶν
582 521 763 611 προγόνων
794 525 850 592 καὶ
882 524 1006 616 πατρὸς
1033 554 1109 596 κατ-

89 627 276 714 ειλεγμένα·
314 626 447 714 εἰρήνης
483 626 520 693 δέ
556 631 684 716 μακράς
720 630 776 697 καὶ
812 634 880 698 τῶν
916 633 952 700 ἐκ
988 633 1111 721 ταύτης

61 729 235 819 τάγαθῶν
268 728 509 818 ἀπολαύοντες,
546 734 726 821 ἐπιδούσης
763 733 878 817 αὐτοῖς
910 741 968 825 τῆς
998 739 1152 828 χώραςΙ)

90 836 174 927 πρὸς
200 841 349 907 πλούτου
375 839 432 906 καὶ
459 835 654 928 εὐανδρίαν,
682 842 738 909 καὶ
762 838 921 929 ἀδελφοῖς
948 858 1018 924 τοῖς
1037 861 1110 926 σοῖς

89 943 294 1033 στρατιώτας
324 946 498 1025 καταλέξαι
529 943 674 1025 πολλούς
701 950 922 1035 παρέσχοντο,
949 951 1042 1030 τέλος
1070 950 1109 1020 δέ

88 1052 136 1141 τῷ
164 1050 320 1141 τυράννῳ
348 1056 406 1140 βία
433 1052 490 1118 καλ
518 1049 560 1119 ού
586 1052 703 1140 γνώμη
731 1055 897 1141 πανδημεὶ
925 1075 1108 1144 συνεστρα-

87 1156 238 1224 τεύοντο.
287 1153 503 1244 ἠκολούθουν
545 1156 582 1225 δέ
620 1155 710 1250 αὐτῷ
752 1158 835 1228 κατά
872 1158 909 1228 τὸ
952 1162 1109 1247 ξυγγενὲς

50 1290 76 1329 ιο
90 1261 255 1350 ξύμμαχοι
285 1263 539 1350 προθυμότατοι
573 1264 724 1353 Φράγγοι
755 1267 811 1333 καὶ
845 1266 1007 1351 Σάξονες,
1040 1271 1110 1336 τῶν

88 1364 174 1456 ύπέρ
202 1366 262 1436 τὸν
285 1364 404 1456 Ῥήνου
431 1371 486 1437 καὶ
514 1367 576 1456 τήν
609 1372 766 1458 ἑσπεριάν
793 1371 965 1440 θάλατταν
994 1375 1109 1441 ἐθνῶν

88 1472 131 1542 τά
157 1473 379 1562 μαχιμώτατα.
415 1476 471 1542 καλ
489 1475 583 1555 πόλις
609 1479 700 1544 πάσα
723 1479 778 1544 καὶ
807 1477 974 1567 φρούριον
1001 1479 1104 1568 πρόσ-
1123 1502 1159 1551 ετ

89 1606 186 1648 οικον
223 1576 327 1671 Ῥήνφ
368 1583 436 1648 τῶν
478 1581 702 1650 ἐνοικούντων
743 1583 905 1669 φυλάκων
946 1587 1109 1673 ἐξερημω-

87 1686 195 1755 θέντα
226 1688 412 1776 προδέδοτο
445 1686 506 1773 μὲν
538 1683 713 1773 ἀφύλακτα
740 1689 849 1757 πάντα
881 1704 951 1770 τοῖς
978 1691 1107 1779 βαρβά-

51 1818 172 1879 υροις,
201 1789 252 1919 ἐφ’
282 1788 367 1880 ήμόις
395 1791 432 1860 δὲ
460 1794 654 1880 ἐξεπέμπετο
681 1797 997 1883 παρεσκευασμένον
1024 1805 1105 1883 λαμ-

87 1901 181 1986 πρῶς
208 1896 245 1966 τὸ
274 1897 474 1988 στράτευμα
506 1901 596 1967 πάσα
625 1899 662 1967 δὲ
689 1900 784 1990 ἐφ’κει
816 1901 910 1981 πόλις
939 1900 1103 1989 Γαλατικὴ

88 2005 302 2096 στρατοπέδῳ
347 2006 667 2102 παρασκευαζομένῳ
712 2004 796 2094 πρὸς
840 2006 1105 2095 πόλεμονκαὶ

87 2111 197 2179 πάντα
225 2101 268 2197 ἦν
296 2107 408 2179 ὅπλων
435 2112 491 2178 καὶ
519 2113 774 2199 παρασκενήςλ
759 2112 888 2179 λππέων
914 2114 970 2179 καλ
998 2116 1106 2194 πεζῶν

87 2218 144 2285 καλ
171 2217 317 2296 τοξοτῶν
343 2219 399 2285 καὶ
427 2213 633 2285 ἀκοντιστῶν
660 2215 777 2305 πλήρη
824 2218 1038 2308 συρρεόντων
1067 2219 1104 2287 δέ

47 2325 122 2404 τιές
149 2322 212 2410 τήν
236 2319 378 2392 Ἰταλίαν
405 2318 641 2411 ἁπανταχόθεν
667 2325 736 2391 τῶν
764 2325 894 2391 ἐκείνου
924 2325 1146 2412 ξυμμάχωνΒ

86 2430 145 2497 καλ
176 2443 246 2508 τοῖς
278 2432 427 2497 ἐνταῦθα
459 2429 560 2497 πάλαι
596 2432 858 2516 κατειλεγμένοις
891 2430 1107 2517 στρατιώταις

87 2537 122 2615 ἐς
148 2530 274 2602 ταύτόν
302 2535 489 2620 ἐλθόντων,
519 2532 630 2616 οὐδεὶς
657 2532 765 2615 οὕτως
793 2534 901 2623 ἐφάνη
930 2536 1106 2624 τολμηρός,

88 2636 126 2721 ὃς
154 2636 217 2709 ούκ
245 2645 372 2709 ἔδεισεν
400 2637 481 2709 οὐδὲ
508 2641 666 2728 ἐξεπλάγη
700 2638 761 2710 τόν
789 2641 924 2710 ἐπιόντα
952 2644 1106 2730 χειμῶνα.

88 2744 234 2833 σκηπτὸς
261 2747 369 2815 ἐδόκει
387 2743 526 2816 πάσινὸ
557 2746 740 2835 φερόμενος
764 2744 828 2816 ἀπὸ
858 2750 926 2815 τῶν
948 2744 1106 2833 Ἄλπεων,

47 2878 75 2921 τι
90 2850 235 2940 σκηπτὸς
267 2849 437 2943 ἀφόρητος
470 2860 555 2944 ἐργφ
583 2855 638 2921 καὶ
666 2851 809 2943 άρρητος
840 2853 938 2944 λόγῳ.
985 2856 1107 2921 τούτου

89 2962 226 3027 ἔδεισαν
250 2955 405 3047 Ἰλλυριοὶ
433 2961 488 3027 καλ
516 2965 662 3040 Παίονες
694 2961 749 3027 καὶ
779 2962 906 3050 Θρᾷκες
933 2960 988 3027 καὶ
1016 2958 1107 3028 Σκύ-

161 3132 315 3201 1άκοντες
332 3138 411 3206 Rsk.]
430 3134 550 3200 άλόντες
577 3140 581 3206 Ι
607 3133 777 3208 ὑπήκουσαν
795 3135 867 3209 M]
852 3141 1021 3194 υπείκουσιν
1039 3140 1052 3221 1
1080 3156 1111 3192 τε

90 3207 197 3271 adjecit
218 3211 319 3285 Wytt
388 3211 405 3259 4
433 3203 467 3260 δέ
477 3208 562 3289 VM]
588 3206 638 3261 καλ
722 3213 738 3260 9
766 3206 816 3260 καὶ
839 3205 958 3290 σάξονες
985 3204 1111 3289 φράγγοι

89 3276 152 3327 add.
166 3276 190 3325 V
207 3282 270 3341 post
284 3266 361 3346 αύτῷ
403 3279 435 3327 10
449 3272 592 3343 ξύμμαχοι
605 3275 639 3343 V]
653 3270 797 3343 σύμμαχοι
813 3279 817 3341 Ι
834 3273 961 3343 Φράγγοι
980 3274 1029 3327 καλ
1049 3272 1110 3327 Σά-

89 3342 177 3423 ξρνες
196 3360 248 3395 om.
271 3344 296 3393 V
343 3328 396 3394 11
420 3336 505 3410 ύπέρ]
531 3345 587 3395 Aut
609 3340 674 3408 περὶ
697 3344 872 3395 scribendum
897 3349 945 3395 aut
967 3343 1019 3394 hoe
1044 3348 1109 3394 ante

88 3402 144 3477 τήν
161 3402 299 3476 ἕσπερίαν
317 3411 473 3463 addendum
543 3415 574 3463 13
601 3405 792 3463 ἐνοικούντων
810 3409 845 3477 Η]
866 3404 1024 3463 οἰκούντων
1078 3412 1110 3460 14

85 3475 279 3558 προυδίδοτο
282 3479 309 3529 Η
362 3482 395 3531 16
413 3473 572 3545 γαλακτική
591 3482 615 3531 V
671 3483 704 3531 20
722 3472 836 3545 {svn}
857 3476 899 3539 εἰς
923 3479 927 3540 Ι
952 3469 1110 3543 ξυμμάχων

88 3542 162 3613 VM]
182 3539 339 3613 συμμάχων
