2392 3960
106 136 169 199 274
407 134 551 186 Ιοιιλαι
569 131 820 186 IMPERATORIS

106 277 229 351 τηγεϊν·
247 262 303 331 καὶ
331 270 532 349 φιλοσοφεῖν
559 261 720 330 ἐθέλοντι.
755 265 792 328 τί
816 258 853 328 δὲ
871 256 963 329 εἶπεν
992 255 1108 345 ὁθεός,

106 362 160 457 ἀρ’
192 379 302 457 λ’σμενς
330 365 382 437 ὅτι
408 371 466 455 τῆς
484 370 553 436 τῶν
570 370 704 436 πολλῶν
729 363 819 460 αὐτῷ
839 365 939 455 δόξης
967 368 1109 448 ἐπέταξεν

67 471 276 565 ῡὺπεροράν
304 475 360 543 καὶ
386 473 650 564 παραχαράττειν
678 470 720 542 οὐ
745 471 808 561 τήν
835 470 1009 562 ἀλήθειαν,
1037 469 1110 542 ἀλλά

105 581 141 650 τὸ
171 582 324 670 νόμισμα.
370 578 406 649 τὸ
436 580 474 650 δὲ
501 584 618 649 Γνῶθι
646 579 772 649 σαυτὸν
800 582 838 649 ἐν
863 581 987 672 ποτέρα
1013 577 1109 667 θησό-

105 699 193 776 μεθα
220 694 337 780 μοίρης
364 687 507 776 πότερον
525 689 562 755 έν
582 688 624 776 πή
647 689 708 755 τὀὕ
735 691 952 774 νομίσματος;
966 681 1001 776 ή
1021 682 1129 756 τοῶιόλ

105 823 142 882 γε
170 792 252 863 αὐτὸ
284 797 343 881 τής
370 791 528 882 ἀληθείας
555 791 642 862 εἶναι
674 793 859 882 κεφάλαιον
885 793 1039 882 θήσομεν
1064 790 1111 863 καὶ

104 900 230 991 τρόπον
263 904 420 991 είρήσθαι
451 903 513 969 τοῦ
540 899 786 990 Παραχάραξον
818 897 855 968 τὸ
883 899 1038 988 νόμισμα,
1064 894 1111 969 διά

104 1012 162 1096 τής
198 1011 259 1076 τοῦ
292 1009 409 1075 Γνῶθι
442 1004 567 1075 σαυτὸν
604 1003 818 1092 άποφάσεως;
857 1002 967 1095 ῶσπερ
1004 1004 1069 1096 γάρ
1096 997 1110 1071 ό

104 1113 145 1182 τά
178 1113 376 1201 νομιζόμενα
408 1111 620 1181 παντάπασιν
652 1110 827 1201 ἀτιμάσας,
860 1109 912 1181 ἐπ’
943 1108 1052 1201 αὐτὴν
1080 1109 1111 1181 δέ

105 1217 197 1352 ήηων
224 1218 286 1307 τήν
314 1216 476 1307 ἀλήθειαν
509 1215 584 1288 οὐδ’
618 1214 751 1306 ὑπὲρ
734 1221 857 1288 εαυτοῦ
887 1233 958 1301 τοῖς
989 1227 1140 1308 vomo-10

106 1328 234 1413 μένοις,
268 1322 351 1395 ἀλλά
378 1339 461 1455 τοῖς
480 1322 584 1406 όντως
612 1317 688 1394 οὖσι
714 1325 866 1414 θήσεται,
894 1322 1002 1408 οὕτως
1029 1323 1112 1415 οἶμαι

61 1428 205 1506 Βκαλ
190 1459 207 1500 ο
236 1429 340 1519 γνοὺς
368 1430 489 1501 ἑαυτὸν
518 1429 598 1561 όπερ
627 1438 717 1501 ἔστιν
741 1429 886 1522 ἀκριβῶς
914 1440 1039 1515 εἴσεται
1065 1431 1112 1502 καὶ

107 1536 169 1626 οὐχ
206 1536 286 1627 ὅπερ
322 1543 496 1626 νομίζεται.
549 1538 692 1629 πότερον
733 1531 797 1608 οὖν
833 1535 895 1627 οὐχ
931 1535 950 1609 ὁ
987 1538 1113 1618 Πύθιος

47 1702 50 1708 .
106 1643 236 1733 ἀληθής
262 1647 310 1713 τέ’
325 1646 394 1713 ἐστι
420 1645 515 1732 θεός,
543 1646 599 1715 καὶ
627 1647 794 1733 Διογένης
820 1648 919 1715 τοῦτο
948 1648 1112 1730 ἐπέπειστο

107 1755 233 1838 σαφῶς,
262 1749 299 1832 ός
317 1778 354 1837 γε
382 1748 472 1844 αὐτῷ
491 1752 641 1833 πεισθεὶς
660 1748 734 1820 ἀντὶ
753 1752 908 1840 φυγάδος
935 1748 1111 1841 ἀπεδείχθη
1120 1760 1141 1819 1⁸.

108 1855 149 1927 οὐ
176 1861 237 1927 τοῶ
264 1860 407 1947 Περσῶν
439 1860 601 1945 βασιλέως
628 1865 762 1946 μείζων,
791 1855 876 1946 ἀλλ’,
905 1854 949 1940 ῶς
975 1854 997 1948 ή
1026 1857 1112 1948 φήμη

105 1965 309 2053 παρέδωκεν,
338 1961 430 2056 αὐτῷ
457 1968 503 2056 τῶ
522 1965 745 2034 καταλύσαντι
773 1963 809 2033 τὸ
829 1967 974 2054 Περσῶν
1001 1964 1120 2055 κράτος.

105 2072 161 2140 καὶ
189 2085 261 2152 ταῖς
284 2067 484 2160 Ἡρακλέους
512 2067 725 2164 ἁμιλλωμένῳ
754 2071 929 2161 πράξεσιν,
955 2067 1113 2162 ὑπερβάλ-

106 2187 225 2246 λεσθαι
253 2176 290 2245 δὲ
317 2175 377 2245 τὸν
402 2174 547 2265 Ἀχιλλέα
575 2179 843 2270 φιλοτιμουμένῳ
873 2178 1029 2266 ζηλωτός;
1062 2166 1112 2246 οὗ·
1156 2251 1157 2255 η

105 2311 162 2365 τος
190 2275 254 2353 οὗν
282 2279 487 2372 όΛιογένης
514 2279 629 2364 ὁποῖός
655 2310 705 2365 τις
731 2275 775 2372 ήν
802 2284 842 2352 τά
869 2311 903 2354 τε
930 2282 1114 2375 πρὸςτοὺς
1156 2345 1157 2378 η

54 2389 215 2472 κεεθεοὺς
243 2391 298 2459 καὶ
330 2387 371 2458 τὰ
403 2388 487 2480 πρὸς
519 2387 723 2480 ἀνθρώπους
754 2388 799 2479 μή
833 2388 889 2460 διά
920 2395 989 2460 τῶν
1021 2396 1113 2461 Οίνο-

106 2497 193 2584 μάον
235 2495 345 2582 λόγων
386 2497 469 2584 μηδὲ
506 2499 573 2565 τῶν
611 2503 772 2566 Φιλίσκον
813 2500 1027 2590 τραγῳδιῶν,
1067 2490 1114 2578 αἷς
1156 2533 1157 2541 ¹

107 2602 290 2690 ἐπιγράψας
317 2600 355 2670 τὸ
375 2601 601 2689 Διογένους
589 2602 696 2691 όνομα
714 2607 772 2691 τής
794 2609 891 2685 θείας
917 2605 1023 2674 πολλά
1041 2628 1113 2674 ποτε

106 2709 344 2838 ηατεηιεύσατο
363 2713 524 2798 κεφαλῆς,
562 2706 644 2778 ἀλλά
677 2706 722 2779 δι’
758 2701 806 2779 ῶν
839 2715 981 2801 ἔδρασεν
1013 2717 1113 2823 ἔργων
1154 2704 1156 2715 ’

18 2854 21 2859 ·
105 2811 221 2896 ὁποιός
248 2842 297 2896 τις
323 2805 366 2903 ήν
394 2818 625 2906 γνωριζέσθω..

184 2925 306 2991 Ἡλθεν
334 2928 381 3002 είς
402 2919 644 3011 Ὀλυμπίανέπ
647 2924 713 2992 ὶτί
736 2921 820 3013 πρὸς
837 2924 982 3007 Διός;“
967 2953 1023 2993 ινα
1041 2921 1113 3005 τοὺς

174 3104 360 3186 2-4ιῆς-
379 3102 506 3172 νόμισμα
524 3110 570 3165 cit,
595 3107 722 3158 Suidas'
714 3123 743 3156 m
761 3107 854 3175 γνῶθι
875 3098 982 3161 σαντόν
1034 3100 1114 3162 sni
1155 3091 1157 3116 Ι

107 3171 186 3238 Cob]
207 3167 238 3223 τό
257 3190 283 3236 v,
300 3175 330 3224 in
347 3175 372 3223 V
390 3179 431 3225 est
449 3175 557 3226 macula
575 3166 616 3243 λ’
600 3127 801 3257 αποφάνσεῶς
811 3175 890 3239 Οολιη
910 3177 960 3228 sed
978 3177 1016 3228 ef
1034 3172 1114 3230 2920
1154 3204 1157 3217 ·

105 3241 189 3290 3340
260 3243 292 3292 10
310 3232 377 3292 οὐδ’
395 3238 434 3322 ῌ]
455 3234 525 3295 νῶθ’
597 3247 627 3294 11
646 3233 747 3330 όντωςή
766 3237 855 3305 οὕτως
873 3249 955 3325 pet.
992 3247 1025 3296 12
1043 3240 1115 3298 ἔστιν
1155 3230 1157 3311 J

105 3306 147 3384 Η]
105 3300 247 3360 Ηέστὶν
334 3312 366 3360 15
392 3301 424 3370 ός
441 3327 474 3390 γε
496 3312 565 3362 Rsk.
584 3313 612 3363 H
630 3308 710 3396 coh]
729 3325 794 3366 οστε
880 3315 912 3362 16
938 3304 957 3395 ἦ
981 3307 1046 3380 φήμ
1128 3314 1157 3375 ζ

106 3369 188 3507 φήμέγ
276 3379 308 3428 17
327 3366 404 3429 αῶτῶ
422 3378 460 3429 τῶ
478 3379 558 3431 τῶ11
645 3384 677 3432 18
691 3375 729 3432 Η
729 3376 867 3446 ρακλέονς
886 3377 922 3444 Η]
938 3374 975 3431 H
976 3330 1132 3447 ρακλάοσ
1155 3378 1157 3387 ’

103 3440 205 3563 {ugo}
184 3459 244 3496 εσιν
262 3444 299 3566 λζῖλ
318 3438 441 3511 πράξεσι
519 3450 552 3499 22
571 3448 718 3516 Φιλίσκον]
737 3448 884 3501 Φιλίστου.
907 3447 964 3505 vid
982 3449 1018 3501 εδ
1038 3450 1088 3503 186
1156 3434 1157 3452 ’

155 3511 205 3564 επί
221 3531 248 3564 ιι
