2392 3960
109 189 169 255 102
406 187 550 241 mmm
572 186 821 241 ιιιΡιειιιυοιιιε

106 316 172 407 ἀρα
200 316 279 401 τοὺς
311 320 372 408 μέν
402 315 538 399 παιδιάς
565 313 774 406 ἀποφήνητε,
807 315 973 404 σοφιστὴν
1001 315 1039 385 δὲ
1067 316 1124 406 ἐμὲ

106 433 240 512 γελοίου
258 427 314 494 καὶ
333 424 461 515 ἀμαθή,
480 423 766 516 μεταποιούμενον
783 424 910 512 τέχνης,
927 414 968 513 ής
987 423 1124 515 σφόδρα

61 540 88 596 D
108 529 251 622 ἀπείρως
278 537 366 621 ἐχειν
393 529 555 623 ὁμολογῶ,
584 527 628 612 ῶς
656 527 688 619 γ’
718 531 790 620 ἐμοὶ
817 528 901 620 πρὸς
927 525 1015 619 ὑμᾶς
1043 525 1123 620 δμο-

106 641 268 726 λογητέον
301 641 370 709 ἐστὶ
401 638 481 720 τοὺς
513 636 651 726 ἀληθείς
683 641 842 718 ἐπαίνους
875 634 1032 720 διεξιόντι
1066 639 1123 706 καὶ

107 736 156 816 ῶν
184 742 321 815 ἀκούειν
353 743 449 828 ἀξιον
475 742 558 834 ὑμῖν
590 753 719 831 οίεσθε,
753 750 784 813 εί
809 745 865 814 καὶ
892 740 1147 834 ἀγροικότεροιι

105 853 163 921 καὶ
191 851 347 935 ἐλάττους
364 856 481 946 μακρῶ
509 854 578 922 τῶν
597 853 773 940 ῥηθέντων
790 865 860 932 τοῖς
887 858 1023 932 πολλοῖς
1041 856 1121 939 φαί-

104 984 231 1028 νοιντο.
281 965 312 1028 εί
342 960 394 1047 δέ,
432 957 512 1050 ὅπερ
549 963 741 1049 ἔμπροσθεν
758 1032 761 1037 ,
778 963 879 1046 ἔφην,
916 954 1123 1046 ἀποδέχεσθε

105 1063 185 1145 τοὺς
213 1067 351 1135 ἐκείνων
378 1066 531 1154 ποιητός,
564 1067 638 1152 ἐμοὶ
670 1064 732 1154 μὲν
759 1061 886 1134 ἀνεῖται
913 1061 951 1132 τὸ
980 1065 1057 1146 δέος
1084 1055 1123 1134 εὖ

105 1171 210 1258 μάλα..
248 1167 289 1241 οά
322 1169 386 1262 γάρ
418 1172 527 1241 πάντα
558 1166 640 1258 ὑμῖν
667 1169 790 1252 ἀτοπος
817 1173 1005 1259 φανοῦμαι,
1038 1167 1123 1240 ἀλλά

105 1279 240 1347 πολλῶν
267 1277 329 1367 μὲν
357 1275 449 1368 οἶμαι
472 1276 687 1368 φαυλότερος,
714 1274 787 1348 κατ’
817 1274 964 1366 ἐμαυτὸν
991 1276 1029 1346 δέ
1056 1279 1122 1360 ἐξε-
1137 1308 1160 1348 ιο

55 1398 90 1448 80
108 1384 285 1472 ταξάμενος
322 1382 364 1455 οὐ
400 1384 613 1455 παντάπασιν
649 1381 837 1473 ἀπόβλητος
869 1381 950 1453 οὐδὲ
986 1381 1124 1467 ἀτόποις

106 1491 291 1580 ἐπιχειρῶν.
332 1488 414 1579 ὑμῖν
433 1492 471 1561 δὲ
490 1501 571 1575 ἴσως
594 1488 636 1560 οὐ
654 1491 775 1584 ῥηίδιον
802 1505 922 1579 σοφοίς
940 1492 996 1560 καὶ
1014 1496 1123 1573 θείοις

105 1593 257 1666 ἀπιστεῖν
284 1595 460 1688 ἀνδράσιν,
489 1604 525 1668 οἳ
549 1597 592 1687 δή
620 1599 756 1686 λέγουσι
774 1595 880 1668 πολλὰ
898 1597 960 1684 μὲν
982 1599 1124 1680 ἕκαστος

107 1708 189 1794 ἰδίη,
216 1701 253 1772 τὸ
282 1704 466 1794 κεφάλαιον
494 1706 535 1773 δέ
559 1709 629 1774 ἐστι
650 1707 719 1773 τῶν
746 1702 857 1791 λόγων
885 1700 1002 1794 ἀρετής
1029 1710 1121 1773 ἐπαι-

106 1835 174 1891 νος.
215 1811 341 1898 ταύτην
369 1810 407 1879 δὲ
433 1813 473 1900 τῇ
500 1815 590 1902 ψυχή
623 1831 728 1899 φασιν
756 1810 945 1900 ἐμφύεσθαι
972 1812 1029 1881 καὶ
1061 1808 1121 1880 αά-
1137 1839 1161 1881 ιε

106 1912 169 2004 τήν
205 1912 409 2005 ἀποφαίνειν
444 1915 632 2009 εὐδαίμονα
668 1918 724 1987 καὶ
760 1913 937 2005 βασιλικήν
972 1918 1029 1986 καὶ
1065 1919 1123 1986 ναὶ

106 2020 152 2109 μά
171 2029 240 2091 Δία
267 2023 439 2113 πολιτικήν
466 2026 522 2094 καί
550 2023 775 2115 στρατηγικὴν
802 2025 858 2094 καὶ
885 2023 1124 2112 μεγαλόφρονα

106 2130 163 2198 καὶ
190 2137 357 2200 πλουσίαν
374 2158 411 2218 γε
430 2129 576 2221 ἀληθῶς,
604 2128 647 2201 οὐ
673 2129 710 2200 τὸ
730 2129 954 2218 Κολοφώνιον
977 2135 1123 2218 ἔχουσαν

108 2241 248 2324 χρυσίον

66 2366 89 2420 Β
191 2358 275 2430 Οὐδ’
307 2359 369 2432 ὅσα
397 2361 510 2443 λάινος
538 2358 640 2442 οὐδὸς
667 2357 836 2451 ἀφήτορος
863 2359 956 2442 ἐντὸς
984 2367 1077 2452 ἔεργε
1136 2391 1162 2432 ιο

105 2481 143 2551 τδ
171 2486 252 2573 πρὶν
280 2483 331 2554 ἐπ’
362 2487 507 2576 εἰρήνης,
535 2483 588 2555 ὅτε
615 2477 658 2573 ἦν
677 2481 766 2575 όρθά
793 2483 834 2554 τδι
860 2479 1122 2574 τῶνἙλλήνων

105 2589 297 2680 πράγματα,
335 2590 416 2661 οὐδὲ
450 2595 575 2680 ἐσθῆτα
611 2594 774 2680 πολυτελῆ
807 2593 863 2661 καὶ
895 2590 1032 2680 ψήφους
1061 2588 1123 2662 Ἰν-

107 2693 203 2778 δικδις
229 2700 285 2765 καὶ
312 2701 374 2786 γής
399 2701 558 2788 πλέθρων
575 2698 741 2788 μυριάδας
767 2697 857 2767 πάνυ
884 2697 1017 2784 πολλός,
1047 2695 1120 2767 ἀλλ’

108 2797 126 2870 δ
155 2803 292 2873 πάντων
319 2802 386 2894 ἀμα
413 2804 543 2875 τούτων
570 2807 626 2875 καὶ
649 2818 799 2893 κρεῖττον
825 2805 882 2873 καὶ
908 2806 1121 2893 θεοφιλέστε-

107 2936 180 2995 ρον,
208 2906 226 2979 δ
254 2912 311 2980 καὶ
339 2913 376 2980 ἐν
403 2919 583 2998 ναυαγίαις
610 2916 718 2979 ἐνεστι
745 2909 981 2980 διασώσασθαι
1007 2912 1063 2980 καὶ
1083 2913 1120 2980 ἐν
1135 2942 1162 2984 ει

108 3011 214 3108 ἀγορηῖ
247 3019 303 3085 καὶ
336 3020 373 3088 ἐν
405 3018 499 3111 δήμφ
531 3018 587 3087 καὶ
615 3019 651 3085 ἐν
683 3022 773 3109 οίκίηι
805 3018 860 3086 καὶ
893 3014 944 3086 ἐπ’
975 3020 1122 3107 ἐρημίας,

175 3231 329 3296 1παιδιάς
348 3233 489 3356 Οοδελαεή
500 3232 683 3299 παιδείους
661 3233 736 3315 (sic)
754 3235 788 3296 V,
808 3233 918 3316 παῖδας
936 3251 954 3286 v
977 3233 981 3300 Ι
1003 3226 1123 3370 ἀποφή]

106 3317 193 3381 νηται
210 3301 270 3352 VM
338 3294 455 3370 3ῶςγ’
489 3300 539 3370 μοί
557 3293 675 3368 Rsk]
653 3316 723 3356 ωσιε
741 3318 790 3386 μοι
858 3295 928 3367 δάξ
913 3301 977 3367 ιον
994 3307 1066 3369 υμῖν

105 3361 179 3434 δμιν
202 3361 287 3434 ἀξιον
357 3374 388 3424 13
412 3367 525 3438 λέγουσι
542 3370 601 3421 VM
620 3369 703 3437 cant]
728 3367 859 3437 λέγουσιν
929 3372 961 3422 18
983 3369 1034 3423 καὶ
1056 3375 1124 3424 anto

105 3438 250 3491 πλουσίαν
268 3455 319 3490 om.
338 3439 364 3490 V
432 3442 465 3492 λθ
482 3437 592 3492 Iliada
594 3440 670 3501 ,404
688 3434 693 3505 Ι
714 3431 808 3506 ἐέργει
825 3438 907 3489 Hom.
957 3440 991 3489 λλ
1009 3430 1124 3504 ἐσθῆτα

105 3503 268 3589 Horkelius]
293 3502 367 3628 ἐθνη
390 3499 426 3558 τά
496 3510 529 3558 λθ
552 3475 626 3558 ἀλλὰ
644 3505 704 3557 VM
771 3508 804 3558 λθ
827 3504 982 3573 ναυαγίαις
998 3503 1036 3572 V]
1055 3523 1125 3559 ναν·

105 3571 200 3638 αγίοις
269 3568 334 3628 λδέ
335 3574 440 3644 ρημιάς
457 3567 528 3642 HN
529 3573 647 3641 ρημίαῑς
