<?xml version="1.0" encoding="UTF-8"?>
<!DOCTYPE html PUBLIC "-//W3C//DTD XHTML 1.0 Transitional//EN"
    "http://www.w3.org/TR/xhtml1/DTD/xhtml1-transitional.dtd">
<html xmlns="http://www.w3.org/1999/xhtml" xml:lang="en" lang="en">
 <head>
  <title>
</title>
<meta http-equiv="Content-Type" content="text/html;charset=utf-8" />
  <meta name='ocr-system' content='tesseract 3.04.00' />
  <meta name='ocr-capabilities' content='ocr_page ocr_carea ocr_par ocr_line ocrx_word'/>
</head>
<body>
  <div class='ocr_page' id='page_1' title='image "./iulianiimperato00juligoog_0142.png"; bbox 0 0 2392 3960; ppageno 0'>
   <div class='ocr_carea' id='block_1_1' title="bbox 468 139 1070 203">
    <p class='ocr_par' dir='ltr' id='par_1_1' title="bbox 468 139 1070 203">
     <span class='ocr_line' id='line_1_1' title="bbox 468 139 1070 203; baseline -0.002 -13"><span class='ocrx_word' id='word_1_1' title='bbox 468 140 606 192; x_wconf 75' lang='grc' dir='ltr'><strong><em>οαινιο</em></strong></span> <span class='ocrx_word' id='word_1_2' title='bbox 626 142 661 191; x_wconf 86' lang='lat'><strong><em>11.</em></strong></span> <span class='ocrx_word' id='word_1_3' title='bbox 1010 139 1070 203; x_wconf 79' lang='lat'><strong><em>127</em></strong></span> 
     </span>
    </p>
   </div>
   <div class='ocr_carea' id='block_1_2' title="bbox 10 265 1113 3126">
    <p class='ocr_par' dir='ltr' id='par_1_2' title="bbox 52 265 1110 1314">
     <span class='ocr_line' id='line_1_2' title="bbox 54 265 1071 359; baseline -0.004 -19"><span class='ocrx_word' id='word_1_4' title='bbox 54 270 160 359; x_wconf 86' lang='grc' dir='ltr'><strong><em>λήνης</em></strong></span> <span class='ocrx_word' id='word_1_5' title='bbox 190 267 316 338; x_wconf 82' lang='grc' dir='ltr'><strong><em>κύκλον</em></strong></span> <span class='ocrx_word' id='word_1_6' title='bbox 348 265 445 355; x_wconf 82' lang='grc' dir='ltr'><strong><em>όρξαι</em></strong></span> <span class='ocrx_word' id='word_1_7' title='bbox 478 270 576 355; x_wconf 77' lang='grc' dir='ltr'><strong><em>σφῶν</em></strong></span> <span class='ocrx_word' id='word_1_8' title='bbox 608 265 838 356; x_wconf 78' lang='grc' dir='ltr'><strong><em>ἀνασχόμενοι.</em></strong></span> <span class='ocrx_word' id='word_1_9' title='bbox 884 269 981 336; x_wconf 80' lang='grc' dir='ltr'><strong><em>τοῦτο</em></strong></span> <span class='ocrx_word' id='word_1_10' title='bbox 1009 267 1071 356; x_wconf 74' lang='grc' dir='ltr'><strong><em>μὲν</em></strong></span> 
     </span>
     <span class='ocr_line' id='line_1_3' title="bbox 54 370 1075 467; baseline -0.005 -20"><span class='ocrx_word' id='word_1_11' title='bbox 54 375 98 464; x_wconf 80' lang='grc' dir='ltr'><strong><em>δὴ</em></strong></span> <span class='ocrx_word' id='word_1_12' title='bbox 127 373 218 467; x_wconf 80' lang='grc' dir='ltr'><strong><em>παρὰ</em></strong></span> <span class='ocrx_word' id='word_1_13' title='bbox 245 377 303 463; x_wconf 77' lang='grc' dir='ltr'><strong><em>τῆς</em></strong></span> <span class='ocrx_word' id='word_1_14' title='bbox 334 377 402 442; x_wconf 79' lang='grc' dir='ltr'><strong><em>τεόν</em></strong></span> <span class='ocrx_word' id='word_1_15' title='bbox 430 374 591 462; x_wconf 87' lang='grc' dir='ltr'><strong><em>φυλόκων</em></strong></span> <span class='ocrx_word' id='word_1_16' title='bbox 623 371 757 454; x_wconf 81' lang='grc' dir='ltr'><strong><em>εὐνοίας</em></strong></span> <span class='ocrx_word' id='word_1_17' title='bbox 789 370 914 462; x_wconf 77' lang='grc' dir='ltr'><strong><em>ὑπῆρξε</em></strong></span> <span class='ocrx_word' id='word_1_18' title='bbox 942 380 1075 461; x_wconf 77' lang='grc' dir='ltr'><strong><em>βασιλεῖ</em></strong></span> 
     </span>
     <span class='ocr_line' id='line_1_4' title="bbox 53 477 1070 570; baseline -0.002 -19"><span class='ocrx_word' id='word_1_19' title='bbox 53 483 92 553; x_wconf 89' lang='grc' dir='ltr'><strong><em>τὸ</em></strong></span> <span class='ocrx_word' id='word_1_20' title='bbox 122 484 232 570; x_wconf 85' lang='grc' dir='ltr'><strong><em>γίρας,</em></strong></span> <span class='ocrx_word' id='word_1_21' title='bbox 261 479 364 570; x_wconf 76' lang='grc' dir='ltr'><strong><em>ἀρχῆς</em></strong></span> <span class='ocrx_word' id='word_1_22' title='bbox 392 477 566 569; x_wconf 81' lang='grc' dir='ltr'><strong><em>ἆμεμφοῦς</em></strong></span> <span class='ocrx_word' id='word_1_23' title='bbox 593 483 649 549; x_wconf 80' lang='grc' dir='ltr'><strong><em>καλ</em></strong></span> <span class='ocrx_word' id='word_1_24' title='bbox 677 485 808 561; x_wconf 77' lang='grc' dir='ltr'><strong><em>δικαίας</em></strong></span> <span class='ocrx_word' id='word_1_25' title='bbox 831 477 954 568; x_wconf 79' lang='grc' dir='ltr'><strong><em>ἀμοιβὴ</em></strong></span> <span class='ocrx_word' id='word_1_26' title='bbox 982 491 1070 550; x_wconf 73' lang='grc' dir='ltr'><strong><em>θαυ-</em></strong></span> 
     </span>
     <span class='ocr_line' id='line_1_5' title="bbox 54 583 1069 677; baseline -0.002 -19"><span class='ocrx_word' id='word_1_27' title='bbox 54 587 173 677; x_wconf 82' lang='grc' dir='ltr'><strong><em>μαστή.</em></strong></span> <span class='ocrx_word' id='word_1_28' title='bbox 221 585 312 668; x_wconf 85' lang='grc' dir='ltr'><strong><em>ὅστις</em></strong></span> <span class='ocrx_word' id='word_1_29' title='bbox 339 586 375 656; x_wconf 73' lang='grc' dir='ltr'><strong><em>δὲ</em></strong></span> <span class='ocrx_word' id='word_1_30' title='bbox 408 584 459 656; x_wconf 86' lang='grc' dir='ltr'><strong><em>ἐπ’</em></strong></span> <span class='ocrx_word' id='word_1_31' title='bbox 490 583 575 675; x_wconf 78' lang='grc' dir='ltr'><strong><em>αὐτῇ</em></strong></span> <span class='ocrx_word' id='word_1_32' title='bbox 605 589 722 674; x_wconf 82' lang='grc' dir='ltr'><strong><em>γε’γονε</em></strong></span> <span class='ocrx_word' id='word_1_33' title='bbox 753 584 1069 675; x_wconf 56' lang='grc' dir='ltr'><strong><em>ποθείτεπίκοόειν·</em></strong></span> 
     </span>
     <span class='ocr_line' id='line_1_6' title="bbox 54 689 1071 781; baseline -0.002 -17"><span class='ocrx_word' id='word_1_34' title='bbox 54 692 128 764; x_wconf 80' lang='grc' dir='ltr'><strong><em>ἀλλ’</em></strong></span> <span class='ocrx_word' id='word_1_35' title='bbox 169 691 251 764; x_wconf 67' lang='grc' dir='ltr'><strong><em>οὐδὲ</em></strong></span> <span class='ocrx_word' id='word_1_36' title='bbox 287 696 385 762; x_wconf 80' lang='grc' dir='ltr'><strong><em>τοῦτο</em></strong></span> <span class='ocrx_word' id='word_1_37' title='bbox 422 689 509 781; x_wconf 81' lang='grc' dir='ltr'><strong><em>ὑμᾶς</em></strong></span> <span class='ocrx_word' id='word_1_38' title='bbox 544 695 701 781; x_wconf 72' lang='grc' dir='ltr'><strong><em>λέληθεν,</em></strong></span> <span class='ocrx_word' id='word_1_39' title='bbox 738 690 790 761; x_wconf 80' lang='grc' dir='ltr'><strong><em>ὅτι</em></strong></span> <span class='ocrx_word' id='word_1_40' title='bbox 826 693 906 781; x_wconf 78' lang='grc' dir='ltr'><strong><em>μήτε</em></strong></span> <span class='ocrx_word' id='word_1_41' title='bbox 942 696 975 774; x_wconf 84' lang='grc' dir='ltr'><strong><em>ἐς</em></strong></span> <span class='ocrx_word' id='word_1_42' title='bbox 1011 691 1071 762; x_wconf 90' lang='grc' dir='ltr'><strong><em>τὸν</em></strong></span> 
     </span>
     <span class='ocr_line' id='line_1_7' title="bbox 53 797 1072 888; baseline -0.003 -17"><span class='ocrx_word' id='word_1_43' title='bbox 53 805 186 871; x_wconf 81' lang='grc' dir='ltr'><strong><em>ἐκείνου</em></strong></span> <span class='ocrx_word' id='word_1_44' title='bbox 214 805 319 870; x_wconf 76' lang='grc' dir='ltr'><strong><em>παῖδα</em></strong></span> <span class='ocrx_word' id='word_1_45' title='bbox 346 798 487 888; x_wconf 86' lang='grc' dir='ltr'><strong><em>χαλεπὸς</em></strong></span> <span class='ocrx_word' id='word_1_46' title='bbox 514 799 594 887; x_wconf 82' lang='grc' dir='ltr'><strong><em>μήτε</em></strong></span> <span class='ocrx_word' id='word_1_47' title='bbox 613 803 646 880; x_wconf 84' lang='grc' dir='ltr'><strong><em>ἐς</em></strong></span> <span class='ocrx_word' id='word_1_48' title='bbox 668 797 747 880; x_wconf 77' lang='grc' dir='ltr'><strong><em>τοὺς</em></strong></span> <span class='ocrx_word' id='word_1_49' title='bbox 776 806 896 886; x_wconf 89' lang='grc' dir='ltr'><strong><em>φίλους</em></strong></span> <span class='ocrx_word' id='word_1_50' title='bbox 924 797 1072 881; x_wconf 79' lang='grc' dir='ltr'><strong><em>ὕποπτος</em></strong></span> 
     </span>
     <span class='ocr_line' id='line_1_8' title="bbox 53 903 1110 993; baseline 0.001 -16"><span class='ocrx_word' id='word_1_51' title='bbox 53 910 110 978; x_wconf 86' lang='grc' dir='ltr'><strong><em>καὶ</em></strong></span> <span class='ocrx_word' id='word_1_52' title='bbox 143 905 255 988; x_wconf 78' lang='grc' dir='ltr'><strong><em>δεινὸς</em></strong></span> <span class='ocrx_word' id='word_1_53' title='bbox 292 910 394 975; x_wconf 83' lang='grc' dir='ltr'><strong><em>είλετο</em></strong></span> <span class='ocrx_word' id='word_1_54' title='bbox 432 907 606 993; x_wconf 77' lang='grc' dir='ltr'><strong><em>γενέσθαι,</em></strong></span> <span class='ocrx_word' id='word_1_55' title='bbox 644 903 726 974; x_wconf 82' lang='grc' dir='ltr'><strong><em>ἀλλὰ</em></strong></span> <span class='ocrx_word' id='word_1_56' title='bbox 763 903 808 986; x_wconf 76' lang='grc' dir='ltr'><strong><em>ὡς</em></strong></span> <span class='ocrx_word' id='word_1_57' title='bbox 845 912 904 973; x_wconf 81' lang='grc' dir='ltr'><strong><em>ἔνι·</em></strong></span> <span class='ocrx_word' id='word_1_58' title='bbox 927 905 1110 993; x_wconf 88' lang='grc' dir='ltr'><strong><em>μόλισταΒ</em></strong></span> 
     </span>
     <span class='ocr_line' id='line_1_9' title="bbox 52 1004 1070 1105; baseline -0.004 -22"><span class='ocrx_word' id='word_1_59' title='bbox 52 1014 169 1105; x_wconf 78' lang='grc' dir='ltr'><strong><em>πρᾴως</em></strong></span> <span class='ocrx_word' id='word_1_60' title='bbox 201 1011 268 1101; x_wconf 83' lang='grc' dir='ltr'><strong><em>εἶχε</em></strong></span> <span class='ocrx_word' id='word_1_61' title='bbox 299 1014 354 1081; x_wconf 82' lang='grc' dir='ltr'><strong><em>καὶ</em></strong></span> <span class='ocrx_word' id='word_1_62' title='bbox 392 1010 532 1100; x_wconf 82' lang='grc' dir='ltr'><strong><em>εὐμενὴς</em></strong></span> <span class='ocrx_word' id='word_1_63' title='bbox 563 1015 665 1081; x_wconf 82' lang='grc' dir='ltr'><strong><em>πᾶσιν</em></strong></span> <span class='ocrx_word' id='word_1_64' title='bbox 697 1004 756 1099; x_wconf 78' lang='grc' dir='ltr'><strong><em>ἦν,</em></strong></span> <span class='ocrx_word' id='word_1_65' title='bbox 793 1018 900 1080; x_wconf 86' lang='grc' dir='ltr'><strong><em>καίτοι</em></strong></span> <span class='ocrx_word' id='word_1_66' title='bbox 937 1015 1070 1080; x_wconf 76' lang='grc' dir='ltr'><strong><em>πολλῶν</em></strong></span> 
     </span>
     <span class='ocr_line' id='line_1_10' title="bbox 53 1116 1070 1207; baseline -0.003 -17"><span class='ocrx_word' id='word_1_67' title='bbox 53 1134 283 1204; x_wconf 80' lang='grc' dir='ltr'><strong><em>συκοφαντεῖν</em></strong></span> <span class='ocrx_word' id='word_1_68' title='bbox 310 1120 497 1188; x_wconf 73' lang='grc' dir='ltr'><strong><em>ἐθελόντων</em></strong></span> <span class='ocrx_word' id='word_1_69' title='bbox 524 1120 579 1187; x_wconf 80' lang='grc' dir='ltr'><strong><em>καὶ</em></strong></span> <span class='ocrx_word' id='word_1_70' title='bbox 607 1121 796 1207; x_wconf 79' lang='grc' dir='ltr'><strong><em>ὃιηρμίνων</em></strong></span> <span class='ocrx_word' id='word_1_71' title='bbox 820 1120 873 1186; x_wconf 80' lang='grc' dir='ltr'><strong><em>ἐπὶ</em></strong></span> <span class='ocrx_word' id='word_1_72' title='bbox 900 1119 980 1198; x_wconf 84' lang='grc' dir='ltr'><strong><em>τοὺς</em></strong></span> <span class='ocrx_word' id='word_1_73' title='bbox 1007 1116 1070 1187; x_wconf 84' lang='grc' dir='ltr'><strong><em>οὐκ</em></strong></span> 
     </span>
     <span class='ocr_line' id='line_1_11' title="bbox 53 1222 1069 1314; baseline -0.004 -18"><span class='ocrx_word' id='word_1_74' title='bbox 53 1233 184 1307; x_wconf 80' lang='grc' dir='ltr'><strong><em>αἰτίους</em></strong></span> <span class='ocrx_word' id='word_1_75' title='bbox 210 1224 250 1294; x_wconf 82' lang='grc' dir='ltr'><strong><em>τὰ</em></strong></span> <span class='ocrx_word' id='word_1_76' title='bbox 278 1228 406 1314; x_wconf 83' lang='grc' dir='ltr'><strong><em>κε’ντρα.</em></strong></span> <span class='ocrx_word' id='word_1_77' title='bbox 450 1228 584 1294; x_wconf 77' lang='grc' dir='ltr'><strong><em>πολλῶν</em></strong></span> <span class='ocrx_word' id='word_1_78' title='bbox 603 1224 640 1294; x_wconf 73' lang='grc' dir='ltr'><strong><em>δὲ</em></strong></span> <span class='ocrx_word' id='word_1_79' title='bbox 658 1223 761 1313; x_wconf 90' lang='grc' dir='ltr'><strong><em>τυχὸν</em></strong></span> <span class='ocrx_word' id='word_1_80' title='bbox 789 1222 925 1312; x_wconf 75' lang='grc' dir='ltr'><strong><em>ἀληθῶς</em></strong></span> <span class='ocrx_word' id='word_1_81' title='bbox 943 1225 1069 1312; x_wconf 84' lang='grc' dir='ltr'><strong><em>ἐνόχων</em></strong></span> 
     </span>
    </p>

    <p class='ocr_par' dir='ltr' id='par_1_3' title="bbox 10 1323 1069 1421">
     <span class='ocr_line' id='line_1_12' title="bbox 10 1323 1069 1421; baseline -0.004 -19"><span class='ocrx_word' id='word_1_82' title='bbox 10 1342 13 1421; x_wconf 61' lang='lat' dir='ltr'><em>J</em></span> <span class='ocrx_word' id='word_1_83' title='bbox 54 1332 165 1403; x_wconf 88' lang='grc' dir='ltr'><strong><em>όντων</em></strong></span> <span class='ocrx_word' id='word_1_84' title='bbox 192 1347 264 1413; x_wconf 77' lang='grc' dir='ltr'><strong><em>ταῖς</em></strong></span> <span class='ocrx_word' id='word_1_85' title='bbox 290 1333 366 1420; x_wconf 80' lang='grc' dir='ltr'><strong><em>περὶ</em></strong></span> <span class='ocrx_word' id='word_1_86' title='bbox 394 1327 506 1400; x_wconf 77' lang='grc' dir='ltr'><strong><em>αὐτῶν</em></strong></span> <span class='ocrx_word' id='word_1_87' title='bbox 533 1327 704 1417; x_wconf 74' lang='grc' dir='ltr'><strong><em>ὑποψίαις,</em></strong></span> <span class='ocrx_word' id='word_1_88' title='bbox 733 1327 855 1419; x_wconf 85' lang='grc' dir='ltr'><strong><em>ὁμοίως</em></strong></span> <span class='ocrx_word' id='word_1_89' title='bbox 884 1328 1008 1399; x_wconf 78' lang='grc' dir='ltr'><strong><em>ἅπασιν</em></strong></span> <span class='ocrx_word' id='word_1_90' title='bbox 1026 1323 1069 1419; x_wconf 80' lang='grc' dir='ltr'><strong><em>ἦν</em></strong></span> 
     </span>
    </p>

    <p class='ocr_par' dir='ltr' id='par_1_4' title="bbox 10 1435 1070 1531">
     <span class='ocr_line' id='line_1_13' title="bbox 10 1435 1070 1531; baseline -0.004 -22"><span class='ocrx_word' id='word_1_91' title='bbox 10 1462 13 1467; x_wconf 86' lang='grc'><em>·</em></span> <span class='ocrx_word' id='word_1_92' title='bbox 53 1443 160 1531; x_wconf 77' lang='grc' dir='ltr'><strong><em>πρᾷος</em></strong></span> <span class='ocrx_word' id='word_1_93' title='bbox 192 1453 277 1519; x_wconf 79' lang='grc' dir='ltr'><strong><em>τοῖς.</em></strong></span> <span class='ocrx_word' id='word_1_94' title='bbox 295 1436 357 1508; x_wconf 81' lang='grc' dir='ltr'><strong><em>οὐκ</em></strong></span> <span class='ocrx_word' id='word_1_95' title='bbox 390 1441 596 1531; x_wconf 73' lang='grc' dir='ltr'><strong><em>ἐλεγχθείσιν</em></strong></span> <span class='ocrx_word' id='word_1_96' title='bbox 629 1435 709 1507; x_wconf 67' lang='grc' dir='ltr'><strong><em>οὐδὲ</em></strong></span> <span class='ocrx_word' id='word_1_97' title='bbox 742 1435 969 1524; x_wconf 74' lang='grc' dir='ltr'><strong><em>όποφανθεῖσι</em></strong></span> <span class='ocrx_word' id='word_1_98' title='bbox 1001 1465 1070 1506; x_wconf 88' lang='grc' dir='ltr'><strong><em>κοι-</em></strong></span> 
     </span>
    </p>

    <p class='ocr_par' dir='ltr' id='par_1_5' title="bbox 10 1472 1071 1685">
     <span class='ocr_line' id='line_1_14' title="bbox 10 1472 1071 1685; baseline -0.003 -71"><span class='ocrx_word' id='word_1_99' title='bbox 10 1472 17 1685; x_wconf 52' lang='grc' dir='ltr'><strong><em>λ</em></strong></span> <span class='ocrx_word' id='word_1_100' title='bbox 53 1559 177 1624; x_wconf 81' lang='grc' dir='ltr'><strong><em>νωνοίς</em></strong></span> <span class='ocrx_word' id='word_1_101' title='bbox 204 1548 273 1612; x_wconf 76' lang='grc' dir='ltr'><strong><em>τῶν</em></strong></span> <span class='ocrx_word' id='word_1_102' title='bbox 301 1542 435 1613; x_wconf 80' lang='grc' dir='ltr'><strong><em>ἀτόπων</em></strong></span> <span class='ocrx_word' id='word_1_103' title='bbox 452 1546 508 1612; x_wconf 79' lang='grc' dir='ltr'><strong><em>καὶ</em></strong></span> <span class='ocrx_word' id='word_1_104' title='bbox 528 1546 709 1631; x_wconf 80' lang='grc' dir='ltr'><strong><em>ἐξαγίστων</em></strong></span> <span class='ocrx_word' id='word_1_105' title='bbox 728 1544 976 1632; x_wconf 78' lang='grc' dir='ltr'><strong><em>βουλευμάτων.</em></strong></span> <span class='ocrx_word' id='word_1_106' title='bbox 1008 1542 1071 1631; x_wconf 77' lang='grc' dir='ltr'><strong><em>τὴν</em></strong></span> 
     </span>
    </p>

    <p class='ocr_par' dir='ltr' id='par_1_6' title="bbox 10 1645 1069 1739">
     <span class='ocr_line' id='line_1_15' title="bbox 10 1645 1069 1739; baseline -0.001 -19"><span class='ocrx_word' id='word_1_107' title='bbox 10 1688 12 1711; x_wconf 81' lang='grc' dir='ltr'><strong><em>ι</em></strong></span> <span class='ocrx_word' id='word_1_108' title='bbox 55 1652 91 1722; x_wconf 67' lang='grc' dir='ltr'><strong><em>δὲ</em></strong></span> <span class='ocrx_word' id='word_1_109' title='bbox 120 1655 153 1732; x_wconf 81' lang='grc' dir='ltr'><strong><em>ἐς</em></strong></span> <span class='ocrx_word' id='word_1_110' title='bbox 180 1645 241 1720; x_wconf 82' lang='grc' dir='ltr'><strong><em>τὸν</em></strong></span> <span class='ocrx_word' id='word_1_111' title='bbox 268 1654 330 1719; x_wconf 82' lang='grc' dir='ltr'><strong><em>τοῦ</em></strong></span> <span class='ocrx_word' id='word_1_112' title='bbox 362 1651 668 1739; x_wconf 78' lang='grc' dir='ltr'><strong><em>παρανομήσαντος</em></strong></span> <span class='ocrx_word' id='word_1_113' title='bbox 688 1655 792 1719; x_wconf 75' lang='grc' dir='ltr'><strong><em>παῖδα</em></strong></span> <span class='ocrx_word' id='word_1_114' title='bbox 819 1652 875 1718; x_wconf 83' lang='grc' dir='ltr'><strong><em>καὶ</em></strong></span> <span class='ocrx_word' id='word_1_115' title='bbox 903 1650 1069 1739; x_wconf 84' lang='grc' dir='ltr'><strong><em>πατήσαν-</em></strong></span> 
     </span>
    </p>

    <p class='ocr_par' dir='ltr' id='par_1_7' title="bbox 10 1748 1113 3126">
     <span class='ocr_line' id='line_1_16' title="bbox 10 1748 1109 1925; baseline -0.003 -98"><span class='ocrx_word' id='word_1_116' title='bbox 10 1774 21 1925; x_wconf 49' lang='lat' dir='ltr'>l</span> <span class='ocrx_word' id='word_1_117' title='bbox 54 1786 110 1840; x_wconf 90' lang='grc' dir='ltr'><strong><em>τος</em></strong></span> <span class='ocrx_word' id='word_1_118' title='bbox 136 1764 249 1827; x_wconf 89' lang='grc' dir='ltr'><strong><em>πίστιν</em></strong></span> <span class='ocrx_word' id='word_1_119' title='bbox 280 1758 337 1826; x_wconf 83' lang='grc' dir='ltr'><strong><em>καὶ</em></strong></span> <span class='ocrx_word' id='word_1_120' title='bbox 365 1754 462 1846; x_wconf 80' lang='grc' dir='ltr'><strong><em>ὅρκια</em></strong></span> <span class='ocrx_word' id='word_1_121' title='bbox 494 1755 600 1844; x_wconf 78' lang='grc' dir='ltr'><strong><em>φειὸόι</em></strong></span> <span class='ocrx_word' id='word_1_122' title='bbox 634 1748 698 1844; x_wconf 76' lang='grc' dir='ltr'><strong><em>ἆρα</em></strong></span> <span class='ocrx_word' id='word_1_123' title='bbox 731 1755 907 1844; x_wconf 88' lang='grc' dir='ltr'><strong><em>βασιλικὸν</em></strong></span> <span class='ocrx_word' id='word_1_124' title='bbox 935 1754 1109 1844; x_wconf 71' lang='grc' dir='ltr'><strong><em>όληθῶςῡ</em></strong></span> 
     </span>
     <span class='ocr_line' id='line_1_17' title="bbox 53 1859 1068 1952; baseline -0.002 -18"><span class='ocrx_word' id='word_1_125' title='bbox 53 1867 109 1934; x_wconf 85' lang='grc' dir='ltr'><strong><em>καὶ</em></strong></span> <span class='ocrx_word' id='word_1_126' title='bbox 136 1875 236 1933; x_wconf 77' lang='grc' dir='ltr'><strong><em>θείαν</em></strong></span> <span class='ocrx_word' id='word_1_127' title='bbox 264 1863 427 1952; x_wconf 81' lang='grc' dir='ltr'><strong><em>φήσομεν,</em></strong></span> <span class='ocrx_word' id='word_1_128' title='bbox 454 1859 622 1952; x_wconf 78' lang='grc' dir='ltr'><strong><em>ἢμᾶλλον</em></strong></span> <span class='ocrx_word' id='word_1_129' title='bbox 650 1861 881 1951; x_wconf 78' lang='grc' dir='ltr'><strong><em>ἀποδεξόμεθα</em></strong></span> <span class='ocrx_word' id='word_1_130' title='bbox 899 1860 959 1933; x_wconf 75' lang='grc' dir='ltr'><strong><em>τὸν</em></strong></span> <span class='ocrx_word' id='word_1_131' title='bbox 975 1861 1068 1950; x_wconf 88' lang='grc' dir='ltr'><strong><em>Ἀγα-</em></strong></span> 
     </span>
     <span class='ocr_line' id='line_1_18' title="bbox 53 1970 1070 2060; baseline -0.001 -21"><span class='ocrx_word' id='word_1_132' title='bbox 53 1973 204 2060; x_wconf 78' lang='grc' dir='ltr'><strong><em>μίμνονα</em></strong></span> <span class='ocrx_word' id='word_1_133' title='bbox 232 1976 475 2058; x_wconf 80' lang='grc' dir='ltr'><strong><em>χαλεπαίνοντα</em></strong></span> <span class='ocrx_word' id='word_1_134' title='bbox 503 1970 558 2038; x_wconf 82' lang='grc' dir='ltr'><strong><em>καὶ</em></strong></span> <span class='ocrx_word' id='word_1_135' title='bbox 577 1970 837 2059; x_wconf 86' lang='grc' dir='ltr'><strong><em>πικραινόμενον</em></strong></span> <span class='ocrx_word' id='word_1_136' title='bbox 856 1973 923 2038; x_wconf 77' lang='grc' dir='ltr'><strong><em>τῶν</em></strong></span> <span class='ocrx_word' id='word_1_137' title='bbox 945 1970 1070 2058; x_wconf 80' lang='grc' dir='ltr'><strong><em>Τρώων</em></strong></span> 
     </span>
     <span class='ocr_line' id='line_1_19' title="bbox 55 2075 1070 2168; baseline -0.002 -22"><span class='ocrx_word' id='word_1_138' title='bbox 55 2076 95 2146; x_wconf 86' lang='grc' dir='ltr'><strong><em>οὐ</em></strong></span> <span class='ocrx_word' id='word_1_139' title='bbox 123 2091 195 2157; x_wconf 81' lang='grc' dir='ltr'><strong><em>τοῖς</em></strong></span> <span class='ocrx_word' id='word_1_140' title='bbox 228 2075 495 2166; x_wconf 80' lang='grc' dir='ltr'><strong><em>ξυν(εξ)ελθοῦσι</em></strong></span> <span class='ocrx_word' id='word_1_141' title='bbox 528 2075 633 2164; x_wconf 90' lang='grc' dir='ltr'><strong><em>μόνον</em></strong></span> <span class='ocrx_word' id='word_1_142' title='bbox 665 2079 711 2168; x_wconf 76' lang='grc' dir='ltr'><strong><em>τῷ</em></strong></span> <span class='ocrx_word' id='word_1_143' title='bbox 739 2077 866 2163; x_wconf 78' lang='grc' dir='ltr'><strong><em>Πόριὸι</em></strong></span> <span class='ocrx_word' id='word_1_144' title='bbox 898 2077 953 2144; x_wconf 87' lang='grc' dir='ltr'><strong><em>καὶ</em></strong></span> <span class='ocrx_word' id='word_1_145' title='bbox 986 2086 1070 2144; x_wconf 80' lang='grc' dir='ltr'><strong><em>καθ-</em></strong></span> 
     </span>
     <span class='ocr_line' id='line_1_20' title="bbox 53 2180 1069 2273; baseline -0.003 -20"><span class='ocrx_word' id='word_1_146' title='bbox 53 2192 213 2273; x_wconf 87' lang='grc' dir='ltr'><strong><em>υβρίσασι</em></strong></span> <span class='ocrx_word' id='word_1_147' title='bbox 230 2185 292 2252; x_wconf 82' lang='grc' dir='ltr'><strong><em>τοῦ</em></strong></span> <span class='ocrx_word' id='word_1_148' title='bbox 311 2186 468 2252; x_wconf 83' lang='grc' dir='ltr'><strong><em>Μενέλεω</em></strong></span> <span class='ocrx_word' id='word_1_149' title='bbox 495 2180 557 2270; x_wconf 82' lang='grc' dir='ltr'><strong><em>τὴν</em></strong></span> <span class='ocrx_word' id='word_1_150' title='bbox 585 2183 707 2269; x_wconf 83' lang='grc' dir='ltr'><strong><em>ἑστίαν,</em></strong></span> <span class='ocrx_word' id='word_1_151' title='bbox 736 2180 817 2251; x_wconf 77' lang='grc' dir='ltr'><strong><em>ἀλλὰ</em></strong></span> <span class='ocrx_word' id='word_1_152' title='bbox 841 2184 896 2250; x_wconf 81' lang='grc' dir='ltr'><strong><em>καὶ</em></strong></span> <span class='ocrx_word' id='word_1_153' title='bbox 914 2197 984 2264; x_wconf 77' lang='grc' dir='ltr'><strong><em>τοῖς</em></strong></span> <span class='ocrx_word' id='word_1_154' title='bbox 1011 2210 1069 2250; x_wconf 90' lang='grc' dir='ltr'><strong><em>κυ-</em></strong></span> 
     </span>
     <span class='ocr_line' id='line_1_21' title="bbox 38 2281 1067 2379; baseline -0.006 -17"><span class='ocrx_word' id='word_1_155' title='bbox 38 2293 212 2379; x_wconf 84' lang='grc' dir='ltr'><strong><em>ιουμίνοις</em></strong></span> <span class='ocrx_word' id='word_1_156' title='bbox 243 2295 291 2356; x_wconf 88' lang='grc' dir='ltr'><strong><em>ε”τι</em></strong></span> <span class='ocrx_word' id='word_1_157' title='bbox 323 2291 379 2358; x_wconf 85' lang='grc' dir='ltr'><strong><em>καὶ</em></strong></span> <span class='ocrx_word' id='word_1_158' title='bbox 416 2281 464 2357; x_wconf 78' lang='grc' dir='ltr'><strong><em>ὦν</em></strong></span> <span class='ocrx_word' id='word_1_159' title='bbox 497 2286 601 2375; x_wconf 86' lang='grc' dir='ltr'><strong><em>τυχὸν</em></strong></span> <span class='ocrx_word' id='word_1_160' title='bbox 638 2287 718 2358; x_wconf 69' lang='grc' dir='ltr'><strong><em>οὐδὲ</em></strong></span> <span class='ocrx_word' id='word_1_161' title='bbox 755 2294 792 2356; x_wconf 66' lang='grc' dir='ltr'><strong><em>αι’</em></strong></span> <span class='ocrx_word' id='word_1_162' title='bbox 827 2289 963 2377; x_wconf 77' lang='grc' dir='ltr'><strong><em>μητέρες</em></strong></span> <span class='ocrx_word' id='word_1_163' title='bbox 998 2286 1067 2357; x_wconf 89' lang='grc' dir='ltr'><strong><em>τότ’</em></strong></span> 
     </span>
     <span class='ocr_line' id='line_1_22' title="bbox 56 2391 1070 2491; baseline -0.002 -26"><span class='ocrx_word' id='word_1_164' title='bbox 56 2396 268 2484; x_wconf 78' lang='grc' dir='ltr'><strong><em>ἐγεγόνεσαν,</em></strong></span> <span class='ocrx_word' id='word_1_165' title='bbox 312 2392 410 2465; x_wconf 87' lang='grc' dir='ltr'><strong><em>ὁπότε</em></strong></span> <span class='ocrx_word' id='word_1_166' title='bbox 451 2398 577 2475; x_wconf 76' lang='grc' dir='ltr'><strong><em>ἐκεῖνος</em></strong></span> <span class='ocrx_word' id='word_1_167' title='bbox 616 2393 657 2463; x_wconf 80' lang='grc' dir='ltr'><strong><em>τὰ</em></strong></span> <span class='ocrx_word' id='word_1_168' title='bbox 698 2397 773 2484; x_wconf 84' lang='grc' dir='ltr'><strong><em>περὶ</em></strong></span> <span class='ocrx_word' id='word_1_169' title='bbox 810 2392 875 2491; x_wconf 73' lang='grc' dir='ltr'><strong><em>Ιτὴν</em></strong></span> <span class='ocrx_word' id='word_1_170' title='bbox 916 2391 1070 2483; x_wconf 79' lang='grc' dir='ltr'><strong><em>ἁρπαγὴν</em></strong></span> 
     </span>
     <span class='ocr_line' id='line_1_23' title="bbox 56 2498 1070 2590; baseline -0.004 -17"><span class='ocrx_word' id='word_1_171' title='bbox 56 2503 195 2584; x_wconf 74' lang='grc' dir='ltr'><strong><em>ἐνενόεις</em></strong></span> <span class='ocrx_word' id='word_1_172' title='bbox 228 2508 259 2570; x_wconf 88' lang='grc' dir='ltr'><strong><em>εί</em></strong></span> <span class='ocrx_word' id='word_1_173' title='bbox 291 2501 332 2590; x_wconf 74' lang='grc' dir='ltr'><strong><em>δὴ</em></strong></span> <span class='ocrx_word' id='word_1_174' title='bbox 364 2500 402 2570; x_wconf 88' lang='grc' dir='ltr'><strong><em>τὸ</em></strong></span> <span class='ocrx_word' id='word_1_175' title='bbox 435 2501 497 2589; x_wconf 71' lang='grc' dir='ltr'><strong><em>μὲν</em></strong></span> <span class='ocrx_word' id='word_1_176' title='bbox 534 2498 627 2589; x_wconf 76' lang='grc' dir='ltr'><strong><em>ὠμόν</em></strong></span> <span class='ocrx_word' id='word_1_177' title='bbox 658 2529 707 2582; x_wconf 88' lang='grc' dir='ltr'><strong><em>τις</em></strong></span> <span class='ocrx_word' id='word_1_178' title='bbox 744 2511 847 2570; x_wconf 87' lang='grc' dir='ltr'><strong><em>οίέται</em></strong></span> <span class='ocrx_word' id='word_1_179' title='bbox 879 2503 934 2569; x_wconf 85' lang='grc' dir='ltr'><strong><em>καὶ</em></strong></span> <span class='ocrx_word' id='word_1_180' title='bbox 966 2499 1070 2589; x_wconf 82' lang='grc' dir='ltr'><strong><em>τραχὺ</em></strong></span> 
     </span>
     <span class='ocr_line' id='line_1_24' title="bbox 56 2606 1113 2699; baseline 0.002 -21"><span class='ocrx_word' id='word_1_181' title='bbox 56 2612 109 2678; x_wconf 79' lang='grc' dir='ltr'><strong><em>καὶ</em></strong></span> <span class='ocrx_word' id='word_1_182' title='bbox 137 2606 368 2696; x_wconf 76' lang='grc' dir='ltr'><strong><em>ἀπάνθρωπον</em></strong></span> <span class='ocrx_word' id='word_1_183' title='bbox 400 2606 518 2697; x_wconf 75' lang='grc' dir='ltr'><strong><em>ἥκιστα</em></strong></span> <span class='ocrx_word' id='word_1_184' title='bbox 551 2614 683 2695; x_wconf 79' lang='grc' dir='ltr'><strong><em>βασιλεῖ</em></strong></span> <span class='ocrx_word' id='word_1_185' title='bbox 712 2610 863 2696; x_wconf 80' lang='grc' dir='ltr'><strong><em>πρέπειν,</em></strong></span> <span class='ocrx_word' id='word_1_186' title='bbox 895 2607 932 2676; x_wconf 90' lang='grc' dir='ltr'><strong><em>τὸ</em></strong></span> <span class='ocrx_word' id='word_1_187' title='bbox 961 2611 1113 2699; x_wconf 78' lang='grc' dir='ltr'><strong><em>πρᾷονΙ)</em></strong></span> 
     </span>
     <span class='ocr_line' id='line_1_25' title="bbox 58 2711 1070 2806; baseline -0.003 -22"><span class='ocrx_word' id='word_1_188' title='bbox 58 2716 91 2784; x_wconf 75' lang='grc' dir='ltr'><strong><em>δὲ</em></strong></span> <span class='ocrx_word' id='word_1_189' title='bbox 129 2714 222 2804; x_wconf 82' lang='grc' dir='ltr'><strong><em>οἶμαι</em></strong></span> <span class='ocrx_word' id='word_1_190' title='bbox 259 2717 314 2783; x_wconf 79' lang='grc' dir='ltr'><strong><em>καὶ</em></strong></span> <span class='ocrx_word' id='word_1_191' title='bbox 351 2712 497 2806; x_wconf 83' lang='grc' dir='ltr'><strong><em>χρηστὸν</em></strong></span> <span class='ocrx_word' id='word_1_192' title='bbox 528 2716 585 2782; x_wconf 88' lang='grc' dir='ltr'><strong><em>καὶ</em></strong></span> <span class='ocrx_word' id='word_1_193' title='bbox 618 2714 863 2804; x_wconf 77' lang='grc' dir='ltr'><strong><em>φιλάνθρωπον</em></strong></span> <span class='ocrx_word' id='word_1_194' title='bbox 896 2711 1070 2803; x_wconf 81' lang='grc' dir='ltr'><strong><em>ἁρμόττειν</em></strong></span> 
     </span>
     <span class='ocr_line' id='line_1_26' title="bbox 40 2819 1071 2912; baseline -0.005 -19"><span class='ocrx_word' id='word_1_195' title='bbox 40 2819 172 2909; x_wconf 79' lang='grc' dir='ltr'><strong><em>ιῆκιστα</em></strong></span> <span class='ocrx_word' id='word_1_196' title='bbox 200 2821 261 2910; x_wconf 74' lang='grc' dir='ltr'><strong><em>μὲν</em></strong></span> <span class='ocrx_word' id='word_1_197' title='bbox 289 2829 439 2910; x_wconf 86' lang='grc' dir='ltr'><strong><em>χαίροντι</em></strong></span> <span class='ocrx_word' id='word_1_198' title='bbox 456 2828 638 2910; x_wconf 82' lang='grc' dir='ltr'><strong><em>τιμωρίαις,</em></strong></span> <span class='ocrx_word' id='word_1_199' title='bbox 666 2819 841 2912; x_wconf 72' lang='grc' dir='ltr'><strong><em>ἀχθομένῳ</em></strong></span> <span class='ocrx_word' id='word_1_200' title='bbox 863 2819 899 2889; x_wconf 67' lang='grc' dir='ltr'><strong><em>δὲ</em></strong></span> <span class='ocrx_word' id='word_1_201' title='bbox 928 2822 980 2889; x_wconf 82' lang='grc' dir='ltr'><strong><em>ἐπὶ</em></strong></span> <span class='ocrx_word' id='word_1_202' title='bbox 998 2835 1071 2901; x_wconf 79' lang='grc' dir='ltr'><strong><em>ταῖς</em></strong></span> 
     </span>
     <span class='ocr_line' id='line_1_27' title="bbox 57 2923 1070 3016; baseline 0 -21"><span class='ocrx_word' id='word_1_203' title='bbox 57 2931 122 2997; x_wconf 77' lang='grc' dir='ltr'><strong><em>τῶν</em></strong></span> <span class='ocrx_word' id='word_1_204' title='bbox 155 2924 316 3015; x_wconf 77' lang='grc' dir='ltr'><strong><em>ὑπηκόων</em></strong></span> <span class='ocrx_word' id='word_1_205' title='bbox 349 2931 550 3016; x_wconf 78' lang='grc' dir='ltr'><strong><em>ξυμφοραῖς,</em></strong></span> <span class='ocrx_word' id='word_1_206' title='bbox 584 2925 674 3008; x_wconf 81' lang='grc' dir='ltr'><strong><em>ὅπως</em></strong></span> <span class='ocrx_word' id='word_1_207' title='bbox 706 2923 749 2995; x_wconf 80' lang='grc' dir='ltr'><strong><em>όν</em></strong></span> <span class='ocrx_word' id='word_1_208' title='bbox 777 2934 972 3014; x_wconf 88' lang='grc' dir='ltr'><strong><em>γίγνωνται,</em></strong></span> <span class='ocrx_word' id='word_1_209' title='bbox 1005 2936 1070 2995; x_wconf 81' lang='grc' dir='ltr'><strong><em>εἴτε</em></strong></span> 
     </span>
     <span class='ocr_line' id='line_1_28' title="bbox 58 3031 1071 3126; baseline -0.002 -23"><span class='ocrx_word' id='word_1_210' title='bbox 58 3042 153 3126; x_wconf 75' lang='grc' dir='ltr'><strong><em>κακίᾳ</em></strong></span> <span class='ocrx_word' id='word_1_211' title='bbox 182 3037 280 3121; x_wconf 77' lang='grc' dir='ltr'><strong><em>σφων</em></strong></span> <span class='ocrx_word' id='word_1_212' title='bbox 308 3037 366 3103; x_wconf 82' lang='grc' dir='ltr'><strong><em>καλ</em></strong></span> <span class='ocrx_word' id='word_1_213' title='bbox 384 3032 524 3125; x_wconf 71' lang='grc' dir='ltr'><strong><em>ἀμαθία,</em></strong></span> <span class='ocrx_word' id='word_1_214' title='bbox 552 3043 616 3102; x_wconf 83' lang='grc' dir='ltr'><strong><em>είτε</em></strong></span> <span class='ocrx_word' id='word_1_215' title='bbox 635 3036 761 3114; x_wconf 76' lang='grc' dir='ltr'><strong><em>ἔξωθεν</em></strong></span> <span class='ocrx_word' id='word_1_216' title='bbox 779 3031 869 3122; x_wconf 76' lang='grc' dir='ltr'><strong><em>παρὰ</em></strong></span> <span class='ocrx_word' id='word_1_217' title='bbox 888 3037 946 3121; x_wconf 76' lang='grc' dir='ltr'><strong><em>τῆς</em></strong></span> <span class='ocrx_word' id='word_1_218' title='bbox 969 3034 1071 3121; x_wconf 79' lang='grc' dir='ltr'><strong><em>τύχης</em></strong></span> 
     </span>
    </p>
   </div>
   <div class='ocr_carea' id='block_1_3' title="bbox 58 3241 1070 3591">
    <p class='ocr_par' dir='ltr' id='par_1_8' title="bbox 58 3241 1070 3591">
     <span class='ocr_line' id='line_1_29' title="bbox 124 3241 1070 3319; baseline -0.001 -16"><span class='ocrx_word' id='word_1_219' title='bbox 124 3244 262 3304; x_wconf 82' lang='grc' dir='ltr'><strong><em>1κυκλον</em></strong></span> <span class='ocrx_word' id='word_1_220' title='bbox 281 3269 332 3302; x_wconf 90' lang='lat' dir='ltr'><strong><em>om</em></strong></span> <span class='ocrx_word' id='word_1_221' title='bbox 350 3252 374 3300; x_wconf 87' lang='lat' dir='ltr'>V</span> <span class='ocrx_word' id='word_1_222' title='bbox 428 3245 491 3311; x_wconf 78' lang='grc' dir='ltr'><strong><em>όές</em></strong></span> <span class='ocrx_word' id='word_1_223' title='bbox 509 3250 544 3317; x_wconf 91' lang='lat' dir='ltr'><strong><em>V]</em></strong></span> <span class='ocrx_word' id='word_1_224' title='bbox 566 3248 608 3312; x_wconf 89' lang='grc' dir='ltr'><strong><em>εςί</em></strong></span> <span class='ocrx_word' id='word_1_225' title='bbox 660 3245 722 3310; x_wconf 77' lang='grc' dir='ltr'><strong><em>δίς</em></strong></span> <span class='ocrx_word' id='word_1_226' title='bbox 740 3250 809 3319; x_wconf 89' lang='lat' dir='ltr'><strong><em>VM]</em></strong></span> <span class='ocrx_word' id='word_1_227' title='bbox 829 3247 870 3310; x_wconf 83' lang='grc' dir='ltr'><strong><em>είς</em></strong></span> <span class='ocrx_word' id='word_1_228' title='bbox 923 3254 952 3300; x_wconf 92' lang='grc'><strong><em>11</em></strong></span> <span class='ocrx_word' id='word_1_229' title='bbox 973 3241 1070 3302; x_wconf 82' lang='grc' dir='ltr'><strong><em>αότῶν</em></strong></span> 
     </span>
     <span class='ocr_line' id='line_1_30' title="bbox 58 3312 1070 3400; baseline -0.002 -30"><span class='ocrx_word' id='word_1_230' title='bbox 58 3312 208 3387; x_wconf 82' lang='grc' dir='ltr'><strong><em>Μ]αυτὸν</em></strong></span> <span class='ocrx_word' id='word_1_231' title='bbox 276 3323 307 3370; x_wconf 79' lang='lat'><strong><em>12</em></strong></span> <span class='ocrx_word' id='word_1_232' title='bbox 327 3312 544 3386; x_wconf 71' lang='grc' dir='ltr'><strong><em>ἔξελεγχθεισιν</em></strong></span> <span class='ocrx_word' id='word_1_233' title='bbox 566 3321 602 3372; x_wconf 93' lang='lat' dir='ltr'><strong><em>H.</em></strong></span> <span class='ocrx_word' id='word_1_234' title='bbox 634 3321 670 3370; x_wconf 85' lang='lat' dir='ltr'><strong><em>cf.</em></strong></span> <span class='ocrx_word' id='word_1_235' title='bbox 690 3321 771 3371; x_wconf 86' lang='grc'><strong><em>1000</em></strong></span> <span class='ocrx_word' id='word_1_236' title='bbox 843 3323 874 3370; x_wconf 86' lang='grc'><strong><em>14</em></strong></span> <span class='ocrx_word' id='word_1_237' title='bbox 893 3312 1070 3400; x_wconf 66' lang='grc' dir='ltr'><strong><em>ἕςνΜ]είς</em></strong></span> 
     </span>
     <span class='ocr_line' id='line_1_31' title="bbox 60 3374 1069 3469; baseline -0.001 -33"><span class='ocrx_word' id='word_1_238' title='bbox 60 3389 88 3438; x_wconf 89' lang='grc'><strong><em>18</em></strong></span> <span class='ocrx_word' id='word_1_239' title='bbox 107 3387 316 3469; x_wconf 81' lang='grc' dir='ltr'><strong><em>ξυνεξελθοῦσι</em></strong></span> <span class='ocrx_word' id='word_1_240' title='bbox 336 3385 375 3468; x_wconf 84' lang='grc' dir='ltr'><strong><em>Η]</em></strong></span> <span class='ocrx_word' id='word_1_241' title='bbox 398 3384 577 3467; x_wconf 82' lang='grc' dir='ltr'><strong><em>ξυνελθουσι</em></strong></span> <span class='ocrx_word' id='word_1_242' title='bbox 644 3391 677 3439; x_wconf 81' lang='lat'><strong><em>20</em></strong></span> <span class='ocrx_word' id='word_1_243' title='bbox 700 3375 739 3439; x_wconf 83' lang='grc' dir='ltr'><strong><em>ὧν</em></strong></span> <span class='ocrx_word' id='word_1_244' title='bbox 757 3380 845 3455; x_wconf 85' lang='grc' dir='ltr'><strong><em>τυχόν</em></strong></span> <span class='ocrx_word' id='word_1_245' title='bbox 863 3385 899 3452; x_wconf 89' lang='grc' dir='ltr'><strong><em>Η]</em></strong></span> <span class='ocrx_word' id='word_1_246' title='bbox 923 3380 1010 3452; x_wconf 85' lang='grc' dir='ltr'><strong><em>τυχὸν</em></strong></span> <span class='ocrx_word' id='word_1_247' title='bbox 1030 3374 1069 3436; x_wconf 80' lang='grc' dir='ltr'><strong><em>ὧν</em></strong></span> 
     </span>
     <span class='ocr_line' id='line_1_32' title="bbox 59 3447 1069 3522; baseline -0.002 -16"><span class='ocrx_word' id='word_1_248' title='bbox 59 3456 134 3507; x_wconf 75' lang='grc' dir='ltr'><strong><em>20εο</em></strong></span> <span class='ocrx_word' id='word_1_249' title='bbox 153 3460 185 3506; x_wconf 81' lang='lat'><strong><em>21</em></strong></span> <span class='ocrx_word' id='word_1_250' title='bbox 209 3447 258 3507; x_wconf 86' lang='grc' dir='ltr'><strong><em>τότ</em></strong></span> <span class='ocrx_word' id='word_1_251' title='bbox 264 3449 463 3522; x_wconf 73' lang='grc' dir='ltr'><strong><em>ἐγεγόνεσαν</em></strong></span> <span class='ocrx_word' id='word_1_252' title='bbox 481 3453 520 3519; x_wconf 73' lang='lat' dir='ltr'><strong><em>H]</em></strong></span> <span class='ocrx_word' id='word_1_253' title='bbox 545 3449 609 3506; x_wconf 87' lang='grc' dir='ltr'><strong><em>τότε</em></strong></span> <span class='ocrx_word' id='word_1_254' title='bbox 628 3449 786 3521; x_wconf 85' lang='grc' dir='ltr'><strong><em>γεγόνεσαν</em></strong></span> <span class='ocrx_word' id='word_1_255' title='bbox 855 3457 887 3505; x_wconf 82' lang='grc'><strong><em>26</em></strong></span> <span class='ocrx_word' id='word_1_256' title='bbox 906 3453 1069 3521; x_wconf 81' lang='grc' dir='ltr'><strong><em>ξυμφοραις</em></strong></span> 
     </span>
     <span class='ocr_line' id='line_1_33' title="bbox 58 3519 697 3591; baseline -0.002 -16"><span class='ocrx_word' id='word_1_257' title='bbox 58 3519 90 3589; x_wconf 81' lang='lat' dir='ltr'><strong><em>V]</em></strong></span> <span class='ocrx_word' id='word_1_258' title='bbox 113 3527 276 3591; x_wconf 83' lang='grc' dir='ltr'><strong><em>συμφοραῖς</em></strong></span> <span class='ocrx_word' id='word_1_259' title='bbox 300 3522 304 3589; x_wconf 96' lang='grc' dir='ltr'>Ι</span> <span class='ocrx_word' id='word_1_260' title='bbox 335 3523 489 3589; x_wconf 89' lang='grc' dir='ltr'><strong><em>γίγνωνται</em></strong></span> <span class='ocrx_word' id='word_1_261' title='bbox 508 3523 542 3588; x_wconf 88' lang='lat' dir='ltr'><strong><em>V]</em></strong></span> <span class='ocrx_word' id='word_1_262' title='bbox 561 3523 697 3590; x_wconf 87' lang='grc' dir='ltr'><strong><em>γίνωνται</em></strong></span> 
     </span>
    </p>
   </div>
   <div class='ocr_carea' id='block_1_4' title="bbox 0 0 1200 3960">
    <p class='ocr_par' dir='ltr' id='par_1_9' title="bbox 0 0 1200 3960">
     <span class='ocr_line' id='line_1_34' title="bbox 0 0 1200 3960; baseline 0 0"><span class='ocrx_word' id='word_1_263' title='bbox 0 0 1200 3960; x_wconf 95' lang='lat' dir='ltr'><strong><em> </em></strong></span> 
     </span>
    </p>
   </div>
   <div class='ocr_carea' id='block_1_5' title="bbox 15 3690 35 3860">
    <p class='ocr_par' dir='ltr' id='par_1_10' title="bbox 15 3690 35 3860">
     <span class='ocr_line' id='line_1_35' title="bbox 15 3690 35 3860; baseline 0 -85"><span class='ocrx_word' id='word_1_264' title='bbox 15 3690 35 3860; x_wconf 77' lang='grc'><strong><em>,.</em></strong></span> 
     </span>
    </p>
   </div>
  </div>
 </body>
</html>
