2370 3908
101 146 164 209 312
401 149 545 200 mmm
562 148 810 200 mpssmoms

101 279 158 363 τής
191 272 324 362 Ἑλένης
360 272 439 362 παρ’
479 281 674 361 Αἰγυπτίων
715 275 908 363 μαθούσης,
948 271 1013 363 οὐχ
1056 273 1120 345 ὅσα

94 379 250 468 Ἕλληνες
282 383 337 449 καὶ
369 384 478 469 Τρῶες
509 379 673 468 ἀλλήλους
706 386 867 470 ἔδρασαν,
900 377 985 450 άλλδι
1016 407 1120 451 ποτα·

102 486 187 567 πούς
215 485 302 554 εἶναι
329 485 390 577 χρή
418 485 497 568 τούς
523 488 660 574 λόγους,
689 494 725 556 οἳ
748 485 810 568 τάς
836 487 898 575 μὲν
925 485 1120 576 ἀλγηδόνας

103 591 332 682 άφαιρήσουσι
360 596 428 662 τῶν
447 597 576 681 ψυχῶν,
604 590 819 683 εὐφροσύνης
838 592 876 662 δέ
893 595 950 662 καὶ
969 591 1119 684 γαλήνης

104 708 204 769 αἴτιοι
240 700 512 788 καταστήσονται.
563 702 619 768 καὶ
655 700 719 788 γάρ
757 725 827 780 πως
865 706 974 769 έοιιιιν
1011 697 1143 788 ήδονήι

103 808 159 876 καὶ
179 806 264 895 λύπη
284 810 342 895 της
369 803 471 894 αὐτῆς
489 809 642 895 κορυφῆς
668 808 815 894 έξήφθαι
836 807 893 874 καὶ
911 803 1002 896 παρὰ
1020 810 1121 895 μέρος

49 940 99 988 241
109 911 265 1002 ἀλλήλαις
304 911 612 1001 άντιμεθίστασθαι.
661 915 730 980 τῶν
766 911 1046 1001 προσπιπτόντων
1085 916 1121 982 δέ

103 1022 159 1088 καὶ
187 1018 227 1088 τά
254 1026 332 1088 λίαν
360 1019 491 1108 έργιόδη
520 1020 626 1106 φασὶν
645 1023 681 1088 οί
706 1020 808 1106 σοφοὶ
838 1022 885 1110 τῷ
903 1021 991 1088 νοῦν
1009 1025 1121 1108 ἔχοντι

104 1129 219 1214 φέρειν
252 1122 315 1194 οὐκ
347 1125 507 1193 ἐλάττονα
533 1128 592 1213 τής
625 1130 805 1205 δυσκολίας
832 1123 895 1212 τήν
924 1121 1120 1213 εὐπάθειαν,

105 1233 173 1300 ἐπεὶ
201 1233 256 1300 καὶ
288 1230 350 1319 τήν
382 1234 535 1319 μέλιτταν
563 1234 599 1299 έκ
631 1235 690 1319 τής
717 1230 918 1321 δριμυτάτης
949 1231 1037 1314 πόας
1062 1237 1153 1322 τήςιι

104 1339 178 1425 περὶ
219 1335 279 1406 τὸν
316 1333 475 1425 Ὑμηττὸν
520 1339 692 1425 φυομένης
732 1346 892 1424 γλυκεῖαν
933 1323 1120 1426 άνιμάσθαι

105 1443 231 1530 δρόσον
258 1446 314 1512 καὶ
341 1446 402 1512 τοῦ
430 1446 560 1530 μέλιτος
588 1442 675 1512 εἶναι
702 1443 919 1533 δημιουργόν.
956 1441 1041 1514 άλλά
1065 1447 1120 1515 καὶ

104 1553 172 1618 των
205 1550 368 1638 σωμάτων
400 1547 463 1618 ὅσα
494 1550 556 1637 μὲν
588 1545 719 1636 ὑγιεινά
756 1550 811 1619 καὶ
845 1552 1000 1640 ῥωγαλέα
1036 1563 1118 1622 καθ-

105 1659 253 1744 έστηκεν,
281 1652 347 1725 ύπὸ
375 1659 443 1725 των
461 1657 634 1744 τυχόντων
652 1658 807 1743 τρέφεται
835 1662 968 1743 σιτίων,
996 1659 1053 1727 ιιαλ
1080 1657 1118 1728 τά

64 1765 251 1851 Βδυσχερή
294 1766 460 1831 δοκοῦντα
501 1763 658 1842 πολλάκις
700 1765 839 1844 ἐκείνοις
880 1760 943 1832 οὐκ
989 1762 1117 1853 άβλαβῆ
1130 1793 1150 1834 σ

105 1869 223 1956 μόνον,
252 1865 335 1937 άλλά
362 1870 418 1937 καὶ
445 1872 503 1957 τής
531 1869 647 1957 ἰσχύος
673 1877 764 1937 αίτια
791 1872 942 1956 γέγονεν·
972 1867 1067 1953 ὅσοις
1084 1871 1119 1942 δέ

105 1975 260 2064 πονήρως
292 1981 358 2063 έχει
390 1976 491 2062 φύσει
522 1977 578 2044 καὶ
610 1977 718 2065 τροφή
754 1977 810 2044 καλ
842 1976 1052 2064 ἐπιτηδεύσει
1082 1977 1118 2046 τὸ

106 2085 216 2170 σῶμα,
249 2079 308 2149 τὸν
336 2082 445 2150 πάντα
477 2088 554 2168 βιόν
586 2084 879 2170 νοσηλευομένοις,
906 2082 1039 2164 τούτοις
1065 2085 1119 2152 καὶ

105 2187 144 2255 τά
172 2187 366 2274 κουφότατα
393 2188 582 2277 βαρυτάτας
610 2197 710 2256 εἴωθε
737 2191 956 2277 προστιθέναι
983 2190 1117 2282 βλάβας.

107 2293 233 2363 οὐκοῦν
266 2296 321 2362 καὶ
353 2282 425 2382 τής
443 2298 597 2375 διανοίας
629 2291 704 2363 ὅσοι
735 2294 797 2382 μὲν
828 2291 942 2376 ούτως
967 2296 1151 2384 έπεμελή-ιι

106 2411 229 2488 θησαν,
258 2396 302 2482 ιός
329 2399 374 2488 μή
402 2401 628 2490 παμπονήρως
646 2407 743 2488 ἔχειν,
771 2397 843 2469 ἄλλ’
874 2396 1044 2487 ύγιαίνειν
1065 2430 1118 2492 με·

106 2514 214 2595 τρίως,
243 2513 274 2574 εί
299 2508 355 2575 καὶ
383 2506 427 2595 μή
447 2505 530 2575 κατά
558 2506 620 2595 τήν
644 2504 881 2586 Ἀντισθένους
906 2509 962 2575 καὶ
981 2509 1118 2600 Σωκρά-

67 2627 185 2692 Οτους
218 2613 334 2700 ῥύμην
362 2611 445 2700 μηδὲ
477 2611 540 2700 τήν
566 2615 820 2693 Καλλισθένους
847 2610 1008 2703 ἀνδρείαν
1037 2616 1120 2705 μηδὲ

106 2716 167 2804 τήν
199 2718 400 2805 Πολέμωνος
432 2716 615 2806 ἀπάθειαν,
653 2715 725 2787 ἀλλ’
761 2717 844 2789 ὥστε
877 2719 1051 2790 δύνασθαι
1082 2721 1119 2790 τὸ

107 2826 240 2911 μέτριον
272 2826 309 2892 έν
340 2838 410 2904 τοῖς
441 2825 605 2906 τοιούτοις
637 2829 822 2915 αίρείσθαι,
854 2822 958 2914 τυχὸν
990 2822 1034 2895 ἂν
1065 2831 1156 2898 καὶαι

108 2932 144 2998 έν
172 2931 435 3020 δυσκολωτέροις
466 2927 714 3020 εὐφραίνοιντο.
760 2932 825 3019 έγω’
852 2958 904 3001 τοι
937 2933 993 3000 καλ
1020 2932 1123 3016 αὐτὸς

192 3118 207 3165 5
232 3106 286 3179 γάρ
304 3131 363 3174 πως
382 3113 450 3179 VM}
475 3106 529 3182 γάρ
552 3114 612 3176 πῶς
697 3119 713 3166 6
735 3115 786 3182 τῆς
809 3110 900 3183 αὐτῆς
923 3116 1058 3199 κορυφῆς
1080 3113 1123 3185 έξ·

108 3181 222 3247 ήφθαι]
245 3182 317 3232 Plat.
335 3183 476 3234 Phaedon.
499 3199 525 3247 p.
543 3185 610 3234 60ss
698 3187 713 3235 λ
735 3179 875 3248 ἀλλήλαις
893 3181 960 3250 VM]
983 3186 1040 3238 αλλ
1053 3181 1124 3249 ’λαις

107 3249 140 3301 '10
158 3246 231 3314 φασὶ
248 3249 309 3304 add.
327 3253 357 3302 M
374 3255 439 3300 ante
457 3241 530 3310 πόας
601 3254 631 3301 12
649 3248 779 3318 μέλιττος
796 3252 850 3304 VM
920 3253 952 3303 18
970 3204 1128 3319 νοσηλευο·

107 3314 207 3378 μένοις
225 3315 270 3383 Μ]
298 3312 521 3383 νοοηλενόμενοι
591 3322 622 3370 19
646 3316 753 3400 είωθιχ
768 3319 860 3383 Hujus
877 3320 939 3397 Ιομο
957 3319 1062 3374 lacuna
1080 3334 1125 3375 est

107 3388 136 3436 in
155 3393 210 3452 pet.
279 3388 313 3437 20
325 3391 354 3436 et
366 3388 398 3436 21
417 3379 642 3453 ἐπεμελήθησαν
660 3379 698 3446 αἱς
715 3404 755 3454 μη
773 3403 911 3453 παμπονη
930 3404 969 3447 ως
985 3383 1066 3455 ἔχειν
1084 3392 1124 3458 M}

108 3446 331 3527 ἐπεμελήθησαν
358 3471 402 3531 m„
403 3491 511 3506 .......
517 3449 649 3519 πονήρως
676 3451 754 3520 έχων
776 3455 808 3513 V,
837 3445 884 3506 ἔπ’
909 3404 959 3520 έμέ
987 3449 1120 3524 λήθη...

108 3519 186 3586 ἔχειν
206 3539 222 3571 v
292 3525 324 3572 24
342 3516 493 3574 άπαθειαν
512 3521 578 3588 VM]
599 3518 764 3574 εὐπάθειαν
