2392 3960
98 154 162 218 226
400 155 544 207 ιυτιιατ
561 153 808 205 ιιωτιιετοιαε

100 284 235 372 μάταια·
264 283 316 350 ἐπὶ
343 283 431 349 νούν
458 280 495 350 δέ
514 285 638 349 ἔδωκεν
657 276 741 368 αύτη
769 279 892 367 λόγους
918 279 1013 363 τινάς
1032 291 1115 364 ίσως

56 387 163 458 Βούκ
191 386 380 479 ἀπᾴδοντας
411 387 519 475 πάντη
546 389 605 475 τῆς
636 383 720 474 ύπέρ
746 380 839 455 θεῶν
867 385 1017 475 ἀληθοῦς
1046 386 1116 477 ἅμα

100 497 156 564 καὶ
184 492 327 581 εύαγούς
354 494 539 581 ἐπιστήμης.
586 490 658 562 ἀλλ’
689 499 781 562 ἔοικα
809 493 882 583 γάρ,
911 491 1022 582 ὥσπερ
1047 492 1115 563 ούκ

102 609 187 689 ἔχων
215 599 233 669 ὅ
260 628 291 668 τι
319 603 389 688 φῶ,
417 600 527 692 κύκλῳ
555 601 765 689 περιτρέχειν.
811 602 883 688 ἐμοὶ
913 600 958 669 ὃέ-
977 601 1115 691 πάρεστι

102 708 163 795 μέν
190 709 245 776 καὶ
273 704 353 776 καθ’
383 709 523 776 ἕκαστον
551 704 676 774 ἐπιόντι
709 720 828 793 σαφεῖς
854 708 910 774 καλ
938 716 1142 795 τηλαυγείςε

103 819 211 894 αἰτίας
244 810 458 898 ἀποδοῦναι,
484 815 544 882 τοῦ
580 812 678 901 χάριν
714 808 795 900 ἡμῖν
832 809 873 881 ού
909 815 1007 900 θέμις
1045 815 1116 881 ἐστὶ

103 921 355 1009 προσφέρεσθαι
382 923 497 1004 ταῦτα,
526 910 575 987 ύν
602 914 733 999 όθεῑος
761 918 1030 1007 είργειέθεσμός·
1059 921 1117 988 καὶ

103 1026 232 1114 ποιήσω
266 1053 302 1112 γε
340 1021 421 1093 αύτό
457 1023 579 1114 μικρὸν
610 1021 763 1113 ὕστερον·
801 1022 939 1112 άμεινον
976 1026 1013 1094 δέ
1050 1028 1117 1094 νῦν

20 1192 24 1197 .
106 1131 215 1221 ὥσπερ
242 1132 369 1212 τύπους
386 1129 480 1211 τινάς
506 1141 685 1220 προθεῖναι
703 1133 759 1199 καὶ
786 1130 941 1218 κανόνας,
970 1126 1021 1212 οἷς
1040 1133 1116 1200 έπό-

105 1266 214 1327 μενοι,
246 1236 310 1306 κάν
340 1264 372 1305 τι
403 1237 560 1318 πολλάκις
596 1232 661 1305 ύπὸ
694 1240 752 1325 τῆς
783 1241 933 1325 σπουδῆς
964 1240 1116 1327 παρέλθῃ
1132 1264 1156 1304 10

55 1345 169 1413 175vbv
197 1344 309 1429 λόγον,
338 1345 453 1437 ἕξομεν
475 1339 560 1431 ὑπὲρ
581 1343 717 1415 ,τούτων
735 1358 856 1431 κρῖναι,
896 1344 1056 1432 προσήκει
1081 1344 1119 1413 δέ

105 1454 239 1538 πρῶτον
274 1445 466 1537 ὑπομνῆσαι
503 1448 559 1517 διὰ
596 1452 762 1537 βραχέων,
803 1456 879 1518 τίνα
914 1477 949 1518 τε
990 1457 1119 1539 ἔφαμεν

106 1556 196 1626 εἶναι
222 1553 283 1624 τὸν
302 1554 413 1624 ’Ἀττιν
440 1557 496 1624 καὶ
523 1562 558 1624 τί
580 1553 643 1644 τὴν
671 1555 822 1645 ἐντομήν,
849 1562 941 1638 τίνος
968 1584 1002 1626 τε
1031 1555 1119 1625 εἶναι

106 1663 259 1750 σύμβολα
294 1660 335 1729 τά
367 1659 446 1748 μετὰ
483 1660 545 1750 τὴν
576 1660 718 1750 ἐκτομὴν
754 1660 829 1750 άχρι
865 1666 934 1731 τῶν
967 1658 1119 1752 Ἱλαρίων

106 1769 266 1856 γινόμενα
293 1769 348 1836 καὶ
375 1773 411 1836 τί
434 1767 618 1855 βούλεσθαι
645 1767 707 1856 την
735 1764 882 1855 άγνείαν.
924 1765 941 1838 ὁ
965 1769 1027 1858 μὲν
1055 1761 1120 1839 οὖν
1133 1791 1157 1834 ιι

99 1872 207 1955 Ἄττις
235 1875 361 1960 ἐλέγετο
390 1879 481 1943 αίτία
507 1902 557 1956 τις
585 1866 671 1943 οὖσα
698 1876 753 1944 καὶ
780 1874 875 1961 θεός,
903 1871 921 1944 ὁ
950 1878 1121 1964 προσεχεῖς

107 1983 324 2069 δημιουργῶν
350 1978 410 2049 τὸν
438 1986 560 2051 ένυλον
583 1981 720 2069 κόσμον,
748 1978 785 2061 ὃς
807 1982 900 2071 μέχρι
927 1985 996 2051 τῶν
1023 1982 1119 2070 ἐσχά-

107 2113 175 2156 των
212 2084 336 2155 κατιάν
374 2091 503 2156 ἵσταται
540 2083 606 2156 ὑπὸ
649 2090 707 2175 τῆς
742 2083 840 2216 ηλίου
881 2091 1121 2178 δημιουργικῆς

109 2193 285 2281 κινήσεως,
317 2190 399 2262 όταν
427 2195 480 2262 ἐπὶ
507 2221 565 2282 της
596 2192 706 2281 άκρως
738 2189 921 2322 ὡρισμένης
947 2198 1009 2264 τού
1035 2220 1120 2264 παν-

66 2317 92 2371 Β
110 2297 166 2380 τὸς
198 2295 215 2368 ὁ
246 2296 329 2381 θεὸς
360 2301 494 2387 γένηται
525 2307 749 2389 περιφερείας,
781 2291 824 2370 οὗ
856 2329 917 2388 της
949 2307 1157 2390 ίσημερίαςιι

108 2404 257 2494 τούνομά
290 2408 358 2474 ἐστι
391 2405 474 2474 κατά
504 2404 541 2476 τὸ
569 2412 679 2495 ἔργον.
726 2403 868 2495 ἐκτομὴν
881 2474 885 2489 ,
900 2406 937 2475 δέ
965 2409 1121 2496 ἐλέγομεν

41 2518 44 2523 ’
110 2511 197 2581 εἶναι
222 2514 281 2598 τῆς
307 2507 456 2601 άπειρίας
482 2511 545 2600 τὴν
572 2513 706 2600 ἐποχήν,
732 2509 777 2601 ἣν
795 2510 857 2582 οὐκ
885 2509 991 2595 άλλως
1018 2509 1038 2601 ἢ
1062 2513 1121 2583 διά

109 2621 168 2705 τῆς
199 2619 253 2686 ἐπὶ
284 2616 341 2698 τάς
371 2619 597 2709 πρεσβυτέρας
628 2620 684 2688 καὶ
717 2616 981 2710 άρχηγικωτέρας
1013 2625 1122 2702 αίτίας

111 2720 321 2811 ἀνακλήσεως
346 2750 382 2793 τε
408 2725 464 2793 καὶ
491 2722 685 2806 άναιλύσεως
713 2733 919 2814 συμβαίνειν.
960 2723 1064 2814 αὐτῆς
1083 2726 1121 2795 δὲ

109 2832 168 2917 τῆς
195 2825 329 2917 ἁγνείας
356 2830 467 2919 φαμέν
491 2829 553 2900 τὸν
584 2830 712 2901 σκοπὸν
739 2830 867 2902 ἄνοδον
897 2835 1120 2920 τῶνιγυχοῐν.
1134 2860 1157 2903 ετ

112 2933 239 3005 ούκούν
267 2933 329 3006 ούκ
356 2939 394 3028 ἐᾷ
420 2940 554 3027 πρῶτον
582 2949 749 3008 σιτεῖσθαι
775 2937 815 3007 τά
838 2936 921 3008 κατά
949 2967 1010 3028 γης
1039 2939 1120 3009 δυό-

109 3069 194 3130 μενα
221 3045 401 3133 σπέρματα
434 3049 574 3131 ἔσχατον
600 3045 662 3134 μὲν
694 3043 757 3134 γάρ
784 3048 852 3119 τῶν
884 3044 993 3115 όντων
1019 3041 1041 3135 ἡ
1068 3049 1122 3136 γῆ.

111 3151 260 3218 ἐνταῦθα
289 3151 329 3219 δέ
353 3170 459 3238 φησιν
485 3148 696 3221 ἀπελαθέντα
721 3153 777 3220 καὶ
796 3151 940 3220 Πλάτων
967 3150 1007 3220 τά
1035 3151 1122 3223 κακά

96 3248 329 3346 στρέφεσθαι,
357 3258 413 3325 καὶ
445 3252 501 3325 διά
531 3260 600 3326 τῶν
631 3264 756 3345 λογίων
783 3263 819 3327 οί
846 3260 922 3328 θεολ
950 3258 1122 3347 σκύβαλον

90 3484 97 3493 ·
159 3451 326 3543 mov
304 3453 403 3515 νέπλ
435 3462 440 3525 λ
465 3479 532 3526 αμα
549 3461 587 3530 Η]
608 3454 690 3514 άλλά
721 3464 756 3514 cf
777 3464 963 3516 7Aet94ss
1036 3463 1121 3532 ὅγε]

112 3525 170 3582 ὃέῗ
239 3533 272 3581 20
290 3517 324 3583 ού
357 3517 420 3598 ᾖΗ
488 3532 521 3582 28
540 3529 630 3598 φησὶν
647 3527 683 3597 V]
705 3545 794 3597 φησιν
813 3530 861 3584 καλ
