2392 3960
478 153 658 205 EPISTOLA
677 156 718 204 τε.
1039 151 1100 218 561

86 289 236 376 ἔπραξαν
267 292 393 372 κακῶν,
429 290 616 368 ποθοῦντες
648 288 685 356 δὲ
716 286 779 376 τήν
809 290 974 378 προτέραν
1002 294 1103 358 δυνα-

86 400 216 481 στείαν,
246 392 300 461 ’ὅτι
333 392 377 480 μή
412 393 556 474 δικάζειν
584 396 709 475 ἐξεστιν
736 393 850 476 αὐτοῖς
875 397 932 464 καί
959 372 1107 484 γράφειῦ

88 499 256 587 διαθήκας
287 500 342 566 καὶ
375 498 571 588 ἀλλοτρίους
600 506 849 587 σφετερίζεσθαι
876 502 1020 590 κλήρους
1047 502 1102 570 καί

87 607 129 676 τά
161 605 269 674 πάντα
303 606 432 686 ἑαυτοῖς
463 607 676 695 προσνέμειν,
708 607 817 676 πάντα
843 613 999 678 κινοῦσιν
1026 608 1102 680 άκο-

55 741 70 782 5
88 719 189 801 σμίας
207 712 320 781 κάλων
338 714 392 780 καί
410 710 448 780 τὸ
468 711 651 801 λεγόμενον
668 717 735 802 πῦρ
754 713 807 782 ἐπὶ
824 717 892 802 πῦρ
911 714 1102 802 ὀχετεῦονσι

86 822 144 889 καὶ
176 833 246 898 τοῖς
276 820 450 907 προτέροις
481 832 596 898 κακοῖς
621 824 756 906 μείζονα
783 821 951 889 ἐπιθείναι
977 827 1103 910 τολμῶ-

86 949 158 1012 σιν,
181 932 227 1006 είς
251 924 427 992 διάστασιν
449 923 587 1011 άγοντες
607 923 648 992 τὰ
671 924 794 1013 πλήθη.
821 927 937 1007 ἐδοξεν
959 920 1022 995 οὖν
1045 955 1102 1014 μοι

86 1038 170 1101 πᾶσι
197 1040 267 1112 τοϊς
299 1035 417 1120 δήμοις
443 1035 690 1120 προαγορεῦσαι
719 1030 776 1099 διδι
796 1034 897 1100 τοῦδε
919 1033 1008 1122 (τοῦ)
1032 1037 1144 1102 δια-Β

86 1139 254 1226 τάγματος
286 1139 341 1206 καὶ
373 1137 523 1225 φανερὸν
550 1141 767 1225 καταστῆσαι,
799 1137 844 1226 μή
873 1139 1102 1222 συστασιάζειν

40 1274 71 1312 ιο
87 1261 160 1326 τοῖς
182 1254 350 1334 κληρικοῖς
372 1244 456 1333 μηδὲ
479 1243 724 1312 άναπείθεσθαι
746 1242 824 1334 παρ’
850 1243 962 1314 αὐτῶν
983 1253 1104 1328 λίθους

88 1363 200 1439 αἴρειν
230 1353 315 1442 μηδὲ
345 1351 498 1419 άπιστεῖν
528 1364 599 1430 τοῖς
630 1348 806 1438 ἄρχουσιν,
838 1347 922 1420 άλλδι
949 1356 1102 1423 συνιέναι

88 1460 153 1546 μὲν
182 1461 250 1539 έως
285 1456 329 1527 άν
361 1458 541 1542 ἐθέλωσιν,
578 1455 736 1544 εῦχεσθαι
769 1457 807 1526 δὲ
836 1455 878 1538 ῦς
907 1465 1103 1548 νομίζουσιν

89 1564 190 1652 εὐχὰς
215 1563 298 1653 ῦπέρ
327 1565 469 1632 ἑαυτῶν·
507 1567 538 1631 εί
564 1563 601 1630 δὲ
628 1562 848 1633 άναπείθοιεν.
867 1563 951 1653 ὑπὲρ
976 1567 1103 1637 ἑαυτῶν
1111 1589 1149 1629 1⁰1

88 1671 293 1757 στασιάζειν,
317 1671 429 1758 μηκέτι
453 1668 628 1760 συνᾴδειν,
649 1673 706 1750 ἵνα
728 1667 773 1757 μή
796 1674 895 1758 δίκην
918 1675 1009 1740 δωσι.

45 1812 72 1852 15
183 1783 294 1848 Ταῦτα
322 1779 362 1845 δέ
386 1803 443 1865 μοι
470 1777 614 1863 παρέστη
637 1778 677 1865 τῇ
700 1779 903 1862 Βοστρηνῦν
931 1781 1001 1868 ἰδία
1023 1788 1142 1868 προ-0

92 1888 273 1971 αγορεῦσαι
296 1883 390 1952 πόλει
414 1880 531 1951 διὰτὸ
553 1880 614 1950 τὸν
632 1883 812 1951 ἐπίσκοπον
834 1887 934 1950 Τίτον
951 1885 1104 1966 καὶτοὺς

90 1989 279 2078 κληρικοὺς
302 1991 334 2070 ἐξ
367 1981 415 2058 ὧν
447 1990 611 2057 ἐπέδοσαν
641 1992 789 2074 βιβλίων·
808 1990 870 2056 τοῦ
896 1987 976 2075 μετὰ
1007 1995 1103 2076 σφῶν

90 2096 245 2182 πλήθους
272 2095 549 2183 κατηγορηκέναι,
582 2091 655 2183 (ὡς)
678 2089 790 2162 αῦτοῦν
817 2093 879 2181 μὲν
900 2086 1102 2183 παραινοῦν-

88 2231 161 2272 των
191 2207 235 2294 τῷ
269 2201 392 2288 πλήθει
427 2198 471 2288 μή
505 2199 706 2285 στασιάζειν,
743 2197 942 2287 ὁρμωμένου
973 2201 1012 2270 δέ
1042 2207 1104 2271 τοῦ
1130 2286 1132 2291 y

45 2345 74 2384 σο
90 2309 245 2396 πλήθους
280 2307 362 2395 πρὸς
393 2305 540 2388 άταξίαν.
589 2308 627 2374 ἐν
657 2309 743 2393 γοῦν
773 2320 844 2386 τοϊς
874 2311 1018 2392 βιβλίοις
1047 2311 1103 2377 καί

93 2415 201 2503 αὐτὴν
235 2413 279 2503 ἣν
311 2413 491 2501 ἐτόλμησεν
522 2413 686 2501 ἐγγράψαι
716 2410 780 2499 τήν
809 2411 929 2500 φωνήν
959 2411 1104 2498 ῦπέταξά

91 2550 159 2610 μου
181 2526 266 2613 τῷδε
288 2525 333 2614 τῷ
358 2519 563 2608 διατάγματι.
595 2523 738 2604 ,Καίτοι
760 2522 971 2604 Χριστιανῶν
994 2518 1103 2590 ὄντων
1122 2531 1148 2586 D

95 2633 289 2716 ἐφαμίλλων
310 2631 355 2719 τῷ
378 2626 500 2713 πλήθει
522 2629 590 2694 τῶν
607 2623 793 2712 Ἑλλήνων,
814 2627 1045 2715 κατεχομένων
1067 2629 1105 2697 δὲ

36 2774 45 2789 ·
92 2741 134 2826 τῇ
166 2733 307 2824 ήμετέρηι
338 2733 546 2820 παραινέσει,
577 2731 706 2819 μηδένα
737 2734 894 2819 μηδαμοῦ
921 2731 1104 2805 άταιιτεῖν.“

47 2873 77 2915 τε
93 2845 198 2911 ταῦτα
220 2840 284 2928 γάρ
306 2841 397 2907 ἐστιν
414 2836 498 2927 ὑπὲρ
517 2835 613 2925 ὑμῶν
630 2839 691 2905 τοῦ
710 2836 891 2906 ἐπισκόπου
909 2837 949 2906 τδι
967 2839 1107 2928 ῥήματα.

165 3036 294 3090 Ικακοῦν
313 3034 351 3104 Η]
371 3034 465 3094 κακῶς
532 3027 603 3086 4τά
621 3027 826 3101 Horkelius]
798 3053 831 3088 το
858 3036 863 3093 Ι
888 3035 981 3087 Verba
999 3034 1048 3088 καί
1066 3030 1104 3089 τά

93 3098 193 3158 πάντα
215 3097 328 3164 ἑαυτοῖς
350 3097 524 3182 προσνέμειν
552 3102 653 3154 delevit
676 3101 761 3156 Hreh
846 3105 863 3155 8
892 3104 1104 3170 προνομεῦσαι

94 3170 211 3239 Heyler]
230 3168 459 3239 προσαγορεῦσαι
483 3169 488 3234 1
514 3167 565 3223 τοῦ
585 3169 646 3222 add
664 3169 732 3221 Rek.
752 3174 780 3220 et
797 3171 833 3222 Η.
869 3171 949 3222 Artic
979 3186 1012 3222 οε
1030 3173 1104 3223 infra

93 3248 171 3294 reete
192 3242 299 3291 additus
318 3247 361 3292 est
400 3243 431 3318 1}
450 3232 526 3323 μηδὲ
543 3233 642 3304 Hreh]
693 3227 907 3321 ’·τεΙιίπειθιι”ν
925 3240 998 3297 Pet„
1021 3232 1104 3291 άπει-

94 3313 174 3362 στεῖν
197 3310 263 3364 Rsk
333 3311 364 3359 13
391 3297 480 3443 εῦηας
501 3298 575 3372 ῦπδρ
601 3253 700 3381 Hreffl
729 3298 818 3372 ιάγδις
839 3303 906 3387 περὶ
977 3309 1007 3357 15
1027 3312 1054 3357 et
1074 3309 1105 3358 16

93 3376 319 3524 Ξλῗλλοῖἷέγῖἕξ,
329 3375 439 3496 ‘333¹ss
465 3367 824 3494 fiffffftssffitsstfi‘wssss
840 3367 886 3493 ἐξ
900 3365 1105 3507 λλτέλῗῗῖἒ

95 3511 152 3565 τῶν
221 3516 252 3562 21
271 3505 324 3578 τήν
342 3512 409 3561 mihi
426 3514 584 3576 suspectum
602 3512 643 3560 οελ

147 3600 892 3650 1unanus11.36
