2392 3960
235 154 419 206 EPISTOLA
436 155 485 204 AD
504 154 531 205 S.
552 157 582 204 P.
602 155 634 216 Q.
653 153 928 206 ATHENIENSEM.
1031 152 1094 216 365

82 283 186 370 φθείς
214 277 264 350 ἐπ’
295 277 376 349 αὐτὸ
395 283 494 350 τοῦτο
512 285 761 349 Κωυσταντίου.
797 282 954 367 λέγοντος
972 282 1012 350 δέ
1027 309 1094 369 μου

82 391 206 476 χρῆναι
231 389 420 475 περιμένειν
453 393 500 457 ἔτι
528 394 762 456 Λουππικῖνον
787 389 844 456 καὶ
873 379 1094 477 Φλωρέντιον,

82 483 197 575 οὐδείς
228 491 388 581 ἤκουσεν,
420 489 491 562 ἀλλ’
523 500 637 580 ἔλεγον
668 493 788 574 πάντες
815 489 1016 563 τούναντίον
1044 491 1094 563 ὅτι
1144 486 1146 493 ’

83 605 138 669 δεῖ
162 613 286 686 ποιεῖν,
319 604 350 668 εί
376 597 420 686 μὴ
448 599 613 687 βούλομαι
639 612 712 680 ταῖς
738 599 986 689 προλαβοάσαις
1012 595 1094 670 ὑπο-

50 740 69 779 s
82 712 178 787 υίαις
206 702 316 794 δι’σπερ
344 701 516 786 ἀπόδειξιν
538 706 594 774 καὶ
612 705 788 795 τεκμήριον
810 708 909 775 τοῦτο
937 717 1095 796 προσθεῖ·
1115 720 1139 775 D

83 840 150 880 ναι.
201 809 271 880 εἶτα
302 813 514 901 προσέθεσαν
547 806 591 892 ὦς
622 815 701 880 Νῦν
738 811 800 899 μὲν
836 814 1097 900 ἐκπεμφθέντων

85 915 200 987 αὐτῶν
228 918 291 986 σόν
319 920 387 986 ἐστι
413 915 450 986 τὸ
479 923 589 1007 ἔργον,
618 914 833 1005 ἀφικομένων
852 917 889 986 δὲ
906 918 1037 987 τούτων
1056 916 1098 988 οὐ

85 1026 140 1093 σοί
173 1027 288 1110 τοῦτο,
321 1020 392 1093 ἄλλ’
423 1025 562 1105 ἐκείνοις
593 1031 751 1111 λογιεῖται
777 1023 1026 1109 Κωνστάντιος,
1055 1024 1098 1093 σὺ

85 1129 124 1197 δὲ
151 1132 188 1198 ἐν
216 1135 305 1222 αἰτίᾳ
333 1125 465 1219 γενήση.
502 1129 627 1218 γράψαι
654 1157 694 1218 με
721 1135 856 1199 ἔπεισαν
884 1126 990 1222 αὐτῷ,
1017 1133 1097 1219 μάλ-

40 1269 71 1308 εο
85 1245 146 1305 λον
174 1235 211 1304 δὲ
243 1235 437 1323 ἐβιάσαντο·
470 1242 621 1305 πείθεται
647 1235 709 1324 μέν
740 1234 804 1326 γάρ
836 1238 977 1323 ἐκεῖνος,
1010 1227 1097 1328 ᾧπερ
1123 1276 1126 1280 -

84 1343 189 1422 ἔξεστι
220 1344 277 1411 καὶ
308 1340 353 1430 μὴ
385 1345 581 1430 πεισθῆναι,
613 1341 689 1429 βιάζ
673 1349 786 1425 ζεσθαι
814 1342 851 1411 δὲ
884 1336 982 1424 οἷς”
962 1371 1005 1411 αν
1033 1344 1098 1432 ἐξῇ,

83 1451 147 1516 τοῦ
174 1455 306 1517 πείθειν
334 1438 436 1517 ουδὲν
454 1450 687 1536 προσδέονται
717 1476 843 1518 ουκουν
866 1445 983 1518 οὐδὲο
986 1453 1098 1536 ί-βια

86 1554 224 1634 σθέντες
255 1580 324 1623 των
355 1555 582 1642 πεπεισμένων
609 1559 711 1640 είσίν,
743 1550 827 1624 άλλδι
853 1581 933 1623 των
954 1552 1098 1642 άναγκα-

86 1662 247 1728 σθέντων.
293 1663 500 1749 ἐσκοποῦμεν
528 1661 693 1747 ἐνταῦθα,
724 1665 827 1730 ποίαν
858 1656 942 1731 ὁδὸν
969 1657 1153 1742 αὐτοδςεῖε

42 1798 72 1839 15
85 1763 148 1854 χρὴ
175 1770 334 1853 βαδίζειν,
362 1769 473 1854 διττῆς
500 1762 611 1853 οὔσης.
657 1764 722 1854 ἐγὼ
749 1766 810 1854 μὲν
837 1762 955 1855 ἠξίουν
984 1769 1100 1857 ἑτέραν

85 1875 266 1959 τραπῆναι,
299 1876 335 1941 οί
364 1871 401 1941 δὲ
429 1863 532 1953 αὖθις
563 1868 808 1958 ἀναγκάζουσιν
840 1876 971 1960 ἐκείνην
1004 1874 1100 1959 ίέναι,

87 1975 133 2064 μὴ
160 1982 259 2048 τοῦτο
288 1975 370 2047 αὐτὸ
399 1977 581 2065 γενόμενον
600 1974 710 2066 ὥσπερ
739 1975 897 2068 ἀφορμήν
920 2004 995 2047 τινα
1023 1978 1099 2048 στά-

87 2102 171 2163 σεως
203 2099 273 2165 τοῖς
310 2083 525 2174 στρατιώταις
560 2084 799 2173 παράσχηκαὶ
835 2087 980 2173 ταραχῆς
1004 2111 1101 2166 τινος

87 2198 197 2257 αίτιον
215 2193 360 2278 γένηται,
388 2188 458 2259 εἶτα
477 2189 663 2273 στασιάζειν
686 2186 771 2271 άπαξ
795 2186 973 2280 άρξάμενοι
991 2190 1100 2260 πάντα

45 2328 73 2367 εο
89 2291 224 2385 ἀθρόως
254 2297 451 2385 ταράξωσιν.
496 2295 604 2365 ἐδόκει
636 2295 673 2365 τὸ
708 2297 784 2384 δέος
815 2292 857 2366 οὐ
888 2296 1101 2366 παντάπασιν

87 2397 213 2489 άλογον
254 2401 340 2471 εἶναι
379 2405 448 2470 τῶν
489 2399 690 2491 ἀνθρώπων.
740 2392 824 2489 ἦλθε
863 2400 904 2470 τὰ
940 2402 1106 2492 τάγματα,Ι
1162 2396 1165 2401 ’

87 2503 263 2596 ὑπήντησα
290 2507 372 2577 κατὰ
399 2506 436 2577 τὸ
465 2510 706 2596 νενομισμένον
733 2504 858 2595 αὐτοῖς,
885 2514 1020 2605 ἐγεσθαι
1042 2513 1136 2597 τῆςΒ

89 2609 175 2682 ὁδοῦ
206 2615 411 2704 προύτρευα·
448 2620 547 2703 μίαν,
560 2610 688 2703 ἡμέραν
720 2617 905 2703 ἐπέμεινεν,
937 2613 1031 2706 άγρις
1062 2607 1102 2705 ἧς

90 2717 193 2789 οὐδὲν
229 2717 324 2808 ᾔδειν
356 2719 420 2807 ἐγω
452 2723 521 2790 τῶν
552 2722 826 2810 βεβουλευμένων
859 2718 984 2804 αὐτοῖς’
1022 2731 1101 2791 ίστω

47 2858 74 2898 τε
89 2826 189 2912 Ζευς,
218 2824 346 2912 Ἠλιος,
376 2825 491 2916 Ἄρης,
525 2823 651 2914 Ἀθηνᾶ
688 2829 743 2896 καί
780 2827 900 2909 πάντες
934 2835 1025 2914 θεοί,
1059 2824 1103 2910 ὥς

91 2928 171 3003 ουδε
200 2931 351 3020 ἐγγὺς’
332 2934 470 3020 αφίκετό
503 2933 570 3022 μού
601 2959 650 3014 τις
680 2934 817 3022 τοιαύτη
849 2929 995 3004 υπόνοια
1027 2932 1103 3023 άχρι

92 3043 204 3126 δειλης
231 3036 346 3127 αὐτης·
375 3036 474 3121 ὀψίας
502 3038 539 3107 δέ
566 3037 632 3128 ἤδη
651 3041 725 3127 περι
753 3035 850 3128 ἡλίου
879 3038 1008 3129 δυσμὰς
1026 3033 1102 3128 ἐμη-

91 3242 154 3303 διος
174 3245 309 3295 excidisse
328 3248 409 3309 putat
427 3233 501 3296 άλλά
570 3247 587 3296 3
606 3238 705 3303 οὐδεὶς
722 3241 760 3311 Η]
781 3235 883 3306 ουθελς
953 3249 1036 3297 3οῖ4
1058 3262 1104 3298 οτι

91 3301 434 3430 δεῖΗροδεῖἾοῖν,
453 3310 607 3364 δεῖνῡοο.
686 3307 861 3392 ῖπροσέ...
883 3317 938 3379 pet.
1008 3315 1104 3364 'Iet8

90 3372 128 3430 ου’
152 3395 185 3430 σο
219 3381 242 3430 V
282 3394 386 3431 ουτοι
471 3371 637 3459 9γράψαι]
662 3373 699 3446 δὴ
723 3380 876 3432 addendum
894 3373 1003 3432 videtur
1072 3382 1104 3430 12

91 3463 200 3498 ουκουν
218 3449 244 3498 Η
273 3441 381 3499 ουκουν
452 3450 483 3498 14
500 3440 679 3527 ἐσκοποῦμεν
697 3442 790 3528 Pon]
789 3440 979 3500 ἐσκόπουν
948 3463 1004 3567 μιν
1071 3451 1107 3499 20

89 3509 252 3579 ταράξωοιν
271 3517 297 3565 Η
318 3520 346 3565 et
363 3513 442 3581 Cob]
463 3508 637 3582 ταράξουσιν
704 3517 738 3579 24
757 3508 826 3568 ον’δδ
829 3533 846 3567 ν
863 3511 901 3581 Η]
921 3507 1015 3567 ουθὲν
