2392 3960
10 40 177 101 manag?
198 40 201 43 ·

468 177 605 230 οιιλυιο
624 178 659 230 11.
1010 181 1072 245 γης

53 311 257 393 μετατιθείς,
289 303 495 393 σωφροσύνῃ
529 303 567 372 δὲ
598 300 886 394 ὑπερβαλλόμενος
922 306 1001 390 τοὺς
1032 308 1070 378 τὸ

53 413 189 501 μέτριον
217 412 425 492 ἐπιτιθέντας
452 425 524 491 ταῖς
550 417 737 499 τιμωρίαις,
766 409 905 504 ἀνδρείᾳ
934 413 971 482 δὲ
999 421 1070 484 δια-

54 519 169 607 φέρων
196 520 243 610 τῶ
271 519 399 606 μηδένα
417 519 576 605 πολέμιον
600 513 781 607 ἀξιόχρεων
809 515 1071 609 ὑπολαμβάνειν,
1089 541 1116 594 Ι)

55 623 225 713 φρόνησιν
257 623 295 692 δὲ
337 624 606 711 ἐπιδεικνύμενος
643 627 688 716 τῶ
731 627 973 712 συγκαταλύειν
1014 627 1072 710 τάς

31 736 180 820 οέχθρας
216 731 272 799 καὶ
306 727 347 798 ού
384 733 612 819 παραπέμπειν
644 736 691 811 εἰς
727 730 806 813 τοὺς
837 738 959 815 παῖδας
991 731 1071 804 οὐδὲ

56 843 103 917 είς
131 835 294 923 ἐγγόνους
324 837 491 927 προφάσει
517 839 576 924 τῆς
608 834 768 926 ἀκριβοῦς
801 844 896 926 δίκης
927 842 982 908 καὶ
1009 844 1071 910 τοὺ

55 942 245 1030 βούλεσθαί
282 969 342 1033 περ
384 945 533 1024 ἐπιεικῶς
574 942 660 1030 μάλα
706 951 823 1026 πίτυος
865 950 963 1034 δίκην
1003 949 1071 1014 τῶν

54 1051 215 1137 πονηρῶν
252 1046 426 1136 ἀφανίζειν
457 1046 498 1116 τά
532 1050 708 1139 σπέρματα.
759 1053 897 1119 ἐκείνων
929 1049 994 1142 γάρ
1028 1051 1069 1141 δη

54 1157 111 1223 καὶ
138 1153 176 1224 τὸ
205 1161 305 1243 ἔργον
332 1155 419 1242 τόδε,
447 1156 502 1223 καὶ
522 1152 567 1251 ἐπ’
598 1153 689 1248 αὑτῶ
711 1155 773 1243 τὴν
792 1157 905 1226 είκόυα
932 1157 1072 1240 παλαιὸς

19 1295 43 1335 ιο
56 1258 209 1349 ἀπέφηνε
241 1261 349 1347 λόγος.
396 1257 413 1331 ὁ
448 1262 484 1329 δὲ
517 1258 648 1348 ἀγαθὸς
679 1262 835 1350 βασιλεὺς
867 1263 1072 1353 μιμούμενος

10 1432 12 1439 ,
55 1365 200 1455 ἀτεχνῶς
235 1366 296 1436 τὸν
332 1367 417 1436 θεὸν
454 1366 525 1436 οἶδε
557 1367 618 1455 μὲν
659 1371 715 1437 και
752 1372 787 1438 ἐκ
827 1373 896 1438 τῶν
936 1375 1122 1463 πετρῶν101

54 1471 178 1562 ἑσμούς
205 1477 364 1561 μελιττῶν
391 1477 625 1562 ἐξιπταμένους
652 1477 708 1544 καὶ
728 1478 763 1544 ἐκ
786 1504 847 1546 του
832 1478 1102 1606 δριμυτάτοη

56 1579 219 1661 ξύλου
186 1607 247 1650 τον
275 1578 404 1666 γλυκύν
431 1578 561 1670 καρπόν
589 1582 774 1669 φυόμενον,
803 1582 889 1651 σίκά
917 1611 1003 1672 φημι
1030 1583 1070 1651 τά

10 1693 226 1781 χαρίεντα,
258 1688 314 1755 καὶ
347 1689 379 1768 ἐξ
412 1684 574 1756 ἀκανθῶν
605 1716 668 1775 την
700 1694 801 1777 σίδην
833 1691 888 1758 και
921 1688 1005 1759 ἀλλα
1039 1692 1071 1771 ἐξ

23 1826 44 1867 15
57 1790 166 1862 ἀλλων
204 1793 357 1880 φυόμενα
394 1791 537 1881 ἀνόμοια
578 1809 647 1876 τοῖς
682 1798 827 1881 γεννῶσι
864 1797 919 1864 καὶ
957 1794 1071 1865 ἀποτί-

10 1962 12 1967 .
54 1920 202 1968 κτουσιν.
249 1897 377 1969 ούκουν
396 1909 499 1968 οίεται
517 1903 622 1968 ταῦτα
649 1904 768 1990 χρῆναι
787 1900 851 1991 πρό
880 1905 938 1991 τῆς
966 1901 1072 1991 ἀκμῆς

10 2024 12 2085 5
56 2009 285 2094 διαφθείρειν,
324 2004 406 2074 ἀλλά
442 2009 631 2095 περιμένειν
663 2005 723 2076 τὸν
756 2009 882 2097 χρόνον
914 2010 969 2077 καὶ
1002 2013 1071 2077 ἐπι-

55 2114 187 2201 τρέπειν
215 2109 330 2193 αύτοῖς
357 2110 589 2200 ἀπωσαμένοις
606 2115 675 2180 τῶν
702 2116 854 2203 πατέρων
871 2112 933 2202 τὴν
952 2113 1072 2184 ἀνοιαν

10 2230 13 2305 Ι
54 2219 109 2288 καὶ
138 2216 201 2306 τὴν
228 2226 358 2307 μωρίαν
385 2216 528 2305 ἀγαθοῖς
556 2221 716 2306 γενέσθαι
744 2221 800 2288 καί
828 2219 990 2309 σῶφροσι,
1019 2227 1112 2308 §vl-B

10 2323 163 2405 Ιιολωτάς
195 2324 232 2392 δὲ
264 2326 467 2412 γευομένους
497 2328 565 2393 τῶν
601 2325 765 2417 πατρςόων
802 2327 1072 2415 ἐπιτηδευμάτων

10 2420 12 2435 ¹
55 2427 193 2518 ὑφέξειν
221 2432 257 2498 ἐν
285 2434 389 2523 καιρῶ
421 2430 483 2518 τὴν
511 2436 624 2520 δίκην,
658 2429 720 2500 οὑκ
748 2429 934 2523 ἀλλοτρίοις
963 2439 1072 2521 ἔργοις
1165 2480 1170 2487 ·

55 2538 109 2606 καὶ
139 2539 327 2625 ξυμφοραῖς
353 2540 666 2629 παραναλωθίντας.

10 2590 14 2707 δ
130 2635 199 2734 Ἆρ’
231 2635 293 2711 οὑν
320 2639 400 2732 ὑμῖν
420 2647 541 2725 ίκανῶς
560 2647 727 2732 δοκοῦμεν
756 2648 991 2714 ἐκτετελεκέναι
1011 2643 1071 2713 τόν

56 2746 224 2837 ἀληθινὸν
252 2755 404 2832 ε”παινον;
433 2746 453 2838 ἢ
481 2760 617 2819 ποθεῖτε
645 2748 781 2819 ἀκούειν
804 2748 897 2839 ὑμεῖς
925 2753 979 2819 καὶ
1008 2749 1070 2839 τὴν

10 2832 45 2927 ιιι
56 2862 234 2945 καρτερίαν
261 2857 315 2924 καὶ
343 2853 406 2944 τὴν
434 2856 630 2945 σεμνότητα,
657 2859 712 2926 καὶ
741 2853 785 2938 ῶς
804 2855 845 2926 ού
865 2858 972 2944 μόνον
1001 2859 1069 2925 ἐστὶ

54 2966 122 3031 τῶν
150 2968 317 3051 πολεμίων
336 2959 504 3050 ἀήττητος,
532 2960 604 3033 ἀλλ’
635 2961 711 3032 ούτε
735 2967 873 3053 αἰσχράς
893 2966 1071 3052 ἐπιθυμίας
1091 2981 1112 3035 O

10 3166 89 3247 η
126 3145 302 3216 105]th
371 3151 478 3201 4P0st
501 3143 711 3231 συγκαταλύειν
734 3149 869 3203 excidisse
892 3153 1001 3203 videtur
1025 3159 1073 3203 aut

10 3250 12 3257 ·
55 3237 89 3287 τη
76 3217 231 3284 τιμωρίᾳ
248 3223 297 3268 aut
313 3218 400 3268 simile
421 3219 561 3284 quidpiam
630 3209 739 3286 Ἰόπερ
758 3212 891 3279 ἐπιεικῶς
909 3211 986 3285 μάλα
1005 3235 1073 3282 προ-

56 3286 242 3366 φωτίζονται,
265 3285 365 3345 πίτυος
384 3284 469 3352 δίκην
487 3287 556 3338 Rsk
592 3287 686 3338 Malim
705 3304 759 3354 περ
777 3288 883 3351 delere,
908 3297 996 3338 ortum
1017 3289 1071 3337 for-

56 3360 130 3406 tasse
151 3371 185 3404 ex
203 3345 310 3417 ῶσπερ,
335 3354 406 3418 quod
430 3355 532 3419 aliquis
551 3355 586 3403 ad
610 3353 696 3422 δίκην
720 3327 911 3473 οπρλὶοοπδάηι
934 3355 1071 3405 addidisse

10 3476 12 3489 Ι
10 3414 174 3503 'videtur‚
192 3429 224 3472 ut
242 3421 326 3472 4060
396 3422 535 3473 8κείνων
552 3423 610 3472 VM
680 3426 711 3472 12
720 3415 879 3499 εσμούς]ἐ
882 3416 970 3484 σμοὺς
1042 3423 1073 3470 16

10 3500 12 3505 ·
57 3482 166 3541 οὔκουν
183 3491 222 3552 V,
241 3480 350 3542 ούκουν
368 3490 428 3540 sine
449 3494 566 3539 accentu
583 3489 625 3554 Μ,
644 3486 753 3543 ούκουν
770 3507 788 3540 v
820 3490 825 3554 1
858 3489 949 3540 ταῦτα
967 3488 1075 3555 χρῆναι

56 3554 92 3624 V]
114 3573 219 3625 χρηνοιι
238 3573 329 3609 ταυτα
398 3559 430 3606 22
450 3527 625 3624 ξυμφοραῖς
630 3556 699 3623 VM]
721 3561 885 3623 συμφοραῖς

109 3660 216 3700 Iulianus
231 3660 251 3700 1.
843 3647 858 3693 9
