2392 3960
10 40 234 103 m'Wf-Jrr
283 50 303 57 --
368 40 373 47 -
408 60 411 69 Ι

11 230 15 245 ,
472 180 607 233 οιιετιο
625 182 676 236 111.
1021 184 1083 250 159

10 254 23 298 k
59 304 144 396 μετὰ
181 308 244 375 τοῦ
279 307 442 394 βασιλέως
477 306 538 377 τὸν
574 309 683 396 γάμον
719 307 872 399 ἥρμοσεν.
918 307 1012 399 ὑμεῖς
1044 313 1082 383 δὲ

60 423 144 495 ἴσως
172 424 309 482 ποθεῖτε
337 415 392 482 καὶ
410 411 471 482 τὸν
489 415 676 502 κατάλογον
699 413 835 485 ἀκούειν
853 419 922 485 τῶν
950 418 1081 507 δώρων,

133 534 230 605 'Em'
266 534 417 626 ἀπύρους
452 543 627 626 τρίποδας,
665 541 745 609 δέκα
783 540 820 608 δὲ
852 557 991 630 χρυσοῖο
1023 543 1079 612 τά-

918 657 1021 717 λαντα

58 767 117 836 καὶ
146 768 287 855 λέβητας
319 769 470 836 ἐείκοσιν.
516 764 589 836 ἀλλ’
620 765 662 836 ού
689 797 746 856 μοι
775 770 876 858 σχολὴ
908 774 984 861 περὶ
1011 777 1080 842 τῶν

30 872 228 942 ετοιούτων
256 871 463 960 ἀδολεσχεῖν·
492 872 567 954 ἐνὸς
591 874 628 942 δὲ
656 884 736 954 ἴσως
763 879 831 943 τῶν
859 880 986 965 ἐκείνης
1014 882 1078 949 δῶ-

57 1008 132 1069 ρων
159 978 263 1067 τυχὸν
291 976 353 1049 ούκ
380 977 480 1069 ἀχαρι
507 981 563 1048 καὶ
582 987 629 1061 είς
657 977 743 1067 ῶμοῖς
770 979 1078 1073 ἀπομνημονεῦσαι,

58 1077 89 1178 ᾧ
115 1113 175 1173 μοι
203 1089 292 1154 δοκῶ
321 1087 376 1154 καὶ
404 1082 505 1167 αὐτὸς
534 1087 697 1176 [σφόδρα]
726 1083 875 1176 ἡσθῆναι
899 1091 1077 1181 διαφερόν-

55 1213 138 1273 τως·
173 1198 313 1279 βίβλους
340 1191 404 1281 γάρ
433 1192 631 1280 φιλοσόφων
663 1195 720 1262 καλ
749 1197 969 1284 ξυγγραφέων
997 1195 1076 1284 ἀγα-

55 1301 137 1368 θῶν
164 1299 221 1367 καὶ
249 1298 402 1387 ῥητόρων
430 1302 563 1367 πολλῶν
590 1301 644 1368 καὶ
667 1305 825 1388 ποιητῶν,
854 1302 966 1391 ἐπειδὴ
990 1323 1134 1372 παν-124

16 1408 161 1486 ιοτελῶς
191 1401 308 1490 ὀλίγας
336 1414 474 1473 οίκοθεν
502 1410 639 1495 ἔφερον,
673 1409 780 1475 ἐλπίδι
807 1410 863 1476 καὶ
890 1410 988 1501 πόθῳ
1016 1415 1078 1479 τοῦ

56 1511 161 1581 πάλιν
194 1516 309 1580 οίκαθε
341 1512 538 1580 ἐπανελθεῖν
570 1511 632 1600 τὴν
663 1520 823 1602 ταχίστην
854 1517 1076 1603 ψυχαγωγού-

57 1645 169 1706 μενος,
199 1624 324 1686 ἐθωκεν
343 1614 478 1707 ἀθρόως
495 1618 670 1705 τοσαύτας,
699 1617 782 1688 ὥστε
801 1624 883 1708 ἐμοῦ
910 1622 970 1710 μὲν
994 1621 1076 1691 ἀπο-

57 1727 183 1813 πλῆσαι
220 1722 282 1811 τὴν
319 1726 503 1812 ἐπιθυμίαν
545 1725 679 1814 σφόδρα
716 1723 902 1816 ἀκορέστως
944 1734 1077 1816 ἔχοντος

56 1834 117 1919 τῆς
148 1829 233 1920 πρὸς
261 1833 371 1899 ἐκεῖνα
399 1837 597 1918 συνουσίας,
631 1848 792 1920 μουσεῖον
821 1834 857 1903 δὲ
882 1830 1077 1923 Ἑλληνικὸν

13 1960 42 2003 15
57 1934 233 2025 ἀποφῆναι
261 1943 402 2024 βιβλίων
430 1939 520 2026 ἕκητι
547 1936 609 2026 τὴν
629 1945 797 2007 Γαλατίαν
824 1942 880 2009 καὶ
907 1940 970 2028 τὴν
992 1950 1075 2010 Κελ-

55 2048 143 2112 τίδα.
189 2044 321 2124 τούτοις
348 2041 413 2130 ἐγῶ
441 2045 721 2134 προσκαθήμενος
739 2049 886 2133 συνεχῶς
913 2063 982 2131 τοῖς
1011 2048 1075 2115 δῶ-

55 2177 141 2241 ροις,
169 2160 202 2218 εί
225 2175 305 2220 ποτε
332 2148 456 2238 σχολὴν
475 2148 598 2238 ἀγοιμι,
627 2149 800 2220 οὐκέστιν
823 2149 913 2232 ὅπως
941 2156 1072 2222 ἐπιλαν-
1092 2165 1118 2218 Β

53 2257 216 2345 θάνωμαι
247 2259 306 2344 τῆς
342 2259 578 2346 χαρισαμένης·
616 2255 700 2326 ἀλλά
736 2259 792 2326 καὶ
807 2264 810 2269 ’
825 2263 1074 2352 στρατευομένῳ

55 2391 116 2452 μοι
145 2366 182 2431 ἐν
205 2366 245 2449 γε’
269 2390 300 2431 τι
327 2363 459 2444 πάντως
487 2366 598 2433 ἕπεται
622 2359 696 2433 οἷον
724 2364 864 2451 ἐφόδιον
892 2369 949 2452 της
977 2387 1074 2453 στρα-

14 2494 43 2536 εο
57 2475 152 2550 τείας
178 2469 262 2559 πρὸς
289 2466 459 2539 αύτόπτου
486 2471 588 2539 πάλαι
616 2472 840 2559 ξυγκείμενον.
877 2470 983 2540 πολλὰ
1011 2470 1074 2561 γάρ

57 2574 100 2664 δὴ
130 2579 189 2664 της
215 2578 283 2644 τῶν
309 2580 461 2645 παλαιῶν
491 2578 627 2666 [ἔργων]
657 2580 825 2667 ἐμπειρίας
852 2573 1074 2668 ὑπομνήματα

57 2681 121 2764 ξύν
147 2684 246 2771 τέχνη
273 2685 445 2771 γραφέντα
472 2698 542 2764 τοῖς
560 2680 745 2772 ἁμαρτοῦσι
773 2682 830 2752 διά
851 2683 913 2773 τὴν
941 2681 1075 2771 ἡλικίαν

56 2792 117 2878 της
134 2791 218 2870 θέας
236 2791 359 2878 ἐναργῆ
387 2792 443 2858 καὶ
461 2789 616 2879 λαμπρὰν
639 2791 754 2860 εἰκόνα
774 2789 868 2881 φέρει
886 2793 954 2859 τῶν
972 2792 1075 2860 πύλαι

57 2897 294 2986 πραχθέντων,
327 2892 387 2983 ὑφ’
419 2888 458 2984 ἧς
486 2894 551 2986 ἤδη
579 2898 634 2965 καὶ
662 2899 733 2966 νέοι
760 2899 877 2966 πολλοὶ
906 2897 1074 2987 γερόντων

126 3157 142 3205 3
160 3153 239 3204 Iliad.
259 3170 285 3216 ι,
306 3156 354 3203 122
435 3155 451 3202 4
470 3152 580 3206 είκοσιν
597 3155 622 3206 V
700 3156 714 3204 ⁷
734 3145 848 3220 σφόδρα
866 3154 1074 3220 expungendum

56 3225 73 3274 8
92 3214 284 3288 ξογγραφέων
302 3219 370 3287 VM]
390 3217 580 3288 συγγραφέων
650 3224 682 3271 14
700 3214 800 3273 ἐκεῖνα
819 3222 886 3272 ferri
904 3226 1005 3287 potest,
1025 3222 1074 3272 sed

56 3295 185 3357 praestat
203 3289 313 3338 Reiskii
331 3281 444 3348 ἐκείνας
459 3290 464 3351 Ι
481 3282 649 3356 Ἑλληνικὸν
669 3287 705 3354 Η]
721 3281 895 3356 Ἑλληνικῶν
965 3293 995 3339 17
1015 3281 1074 3340 έπι-

58 3348 252 3418 λανθάνωμαι
276 3354 353 3421 Cob.]
377 3350 613 3423 ἐπιλανθάνομαι
684 3359 715 3408 19
739 3353 770 3408 ἐν
811 3354 874 3408 ἐτι
893 3357 966 3420 VM]
991 3352 1022 3408 ἐν
1041 3351 1075 3422 γέ

55 3423 135 3492 τοι]
171 3423 309 3490 στρατιᾶς
326 3425 351 3475 V
420 3429 453 3476 20
476 3416 624 3477 αύτύπτον
642 3375 808 3492 ΗοτΙςεΙίοῶ
827 3417 898 3476 αύτύ
916 3441 973 3474 που
1042 3426 1074 3473 21

55 3491 119 3615 {miz}
139 3492 248 3611 wcff‘tM
259 3497 318 3611 χοι.
346 3491 351 3558 Ι
378 3487 468 3560 ἐργων
486 3503 543 3560 μοι.
562 3509 617 3544 non
636 3493 720 3544 habet
738 3494 792 3544 nisi
810 3493 845 3543 ad
862 3492 1027 3557 marginem,
1047 3496 1076 3542 et

80 3579 93 3614 ε
116 3599 123 3614 .
144 3576 211 3612 ωσι
242 3575 339 3611 nesse
