2370 3908
99 156 162 220 260
397 156 541 208 IULIANI
562 156 811 207 lMPERAToffls

100 287 225 353 ἐπιέναι
253 284 307 352 καὶ
326 291 567 371 προκαλεῖσθαι
586 286 641 351 καὶ
660 286 718 371 τῆς
741 279 860 370 ἀγέλης
888 279 1117 373 ἀμφισβητεῖν

100 406 169 472 τοῖς
196 392 474 479 προκατέχουσιν,
503 385 547 469 ὦς
574 393 701 476 μᾶλλον
728 386 928 477 ἀξιωτέρους
954 397 1117 478 προΐστα-

101 509 191 566 σθαι.
238 495 327 577 ὅστις
359 486 422 565 οὖν
453 503 599 578 κυνίζειν
631 499 738 565 ἐθέλει
767 495 847 584 μήτε
878 494 938 565 τὸν
964 504 1117 586 τρίβωνα

49 603 184 691 201μήτε
207 602 269 690 τήν
296 603 408 691 πήραν
435 603 513 690 μήτε
541 599 603 690 τήν
630 609 814 690 βακτηρίαν
841 603 897 671 καὶ
915 600 978 690 τήν
1007 604 1117 692 κόμην

101 707 259 797 ἀγαπάτω
287 710 404 797 μόνον,
432 706 477 777 ἵν’
509 707 618 797 ὥσπερ
638 713 674 778 έν
692 708 784 797 κώμη
803 713 921 797 βαδίζῃ
949 716 1116 800 κουρείων

101 819 156 885 καὶ
194 822 437 885 διδασκαλείων
474 818 583 884 ἐνδεεῖ
618 814 759 907 ἀκαρτος
797 817 852 885 καί
891 812 1115 905 ἀγράμματος,

102 920 184 992 ἀλλά
211 923 271 992 τὸν
298 923 400 1009 λόγον
419 919 493 990 ἀντὶ
511 926 572 991 τοῦ
601 923 769 1013 σκήπτρου
788 923 843 991 καὶ
870 919 932 1010 τήν
960 927 1117 991 ἔνστασιν

102 1027 177 1097 ἀντὶ
204 1033 262 1117 της
293 1030 399 1118 πήρας
426 1032 484 1115 τής
516 1033 655 1116 κυνικῆς
686 1025 949 1116 ὑπολαμβανέτω
978 1038 1117 1116 φιλοσο-

103 1142 182 1222 φίας
211 1142 433 1223 γνωρίσματα.
478 1142 647 1226 παρρησίᾳ
676 1135 712 1204 δέ
731 1138 892 1224 χρηστέον
910 1131 1002 1226 αὐτῷ
1027 1138 1117 1226 πρῶ-

102 1269 161 1311 τον
181 1237 309 1310 ὁπόσου
335 1243 486 1328 πέφυκεν
505 1238 596 1321 ἀξιος
614 1243 860 1332 ἐπιδειξαμένφ,
889 1238 1000 1331 ὥσπερ
1025 1239 1117 1329 οἶμαι

102 1347 236 1438 Κράτης
262 1349 318 1415 καὶ
346 1349 527 1435 Διογένης,
560 1354 596 1416 οἳ
619 1351 730 1416 πάσαν
757 1348 820 1436 μέν
852 1344 991 1435 ἀπειλήν
1017 1348 1117 1434 τύχης

67 1455 160 1523 Βκαὶ
187 1463 251 1522 είτε
278 1451 418 1522 παιδιάν
437 1462 500 1522 είτε
527 1460 708 1543 παροινίαν
730 1453 792 1545 χρη
822 1453 928 1542 φάναι
954 1457 1117 1523 τοσοῦτον

103 1559 250 1652 ἀπέσχον
276 1563 337 1628 τοῦ
366 1559 537 1640 δυσκόλως
556 1562 715 1647 ἐνεγκεῖν,
744 1557 826 1630 όίστε
850 1555 952 1641 ἁλοὺς
971 1560 1032 1648 μέν
1050 1555 1117 1628 ὑπέ

102 1671 172 1736 των
204 1669 475 1751 καταποντιστῶν
508 1663 525 1735 ό
559 1669 726 1755 Διογένης
757 1673 901 1753 ἔπαιζεν,
935 1663 952 1735 ὁ
985 1666 1117 1755 Κράτης

105 1773 142 1842 δέ
170 1775 365 1861 ἐδημοσίευε
392 1771 454 1860 τήν
482 1769 617 1858 οὐσίαν,
646 1772 716 1842 εἶτα
745 1775 821 1861 [είς]
849 1771 886 1841 τὸ
916 1776 1011 1861 σῶμα
1039 1779 1117 1860 βλα-

105 1882 174 1968 βεὶς
202 1886 369 1950 ἔσκωπτεν
402 1876 524 1948 ἑαυτὸν
552 1878 637 1968 (είς)
666 1878 728 1968 τήν
760 1878 930 1969 χωλότητα
956 1882 1018 1948 τοῦ
1045 1875 1117 1946 σκέ·

105 1995 185 2116 λρυς
221 1987 277 2056 καὶ
309 1983 346 2055 τὸ
379 1983 503 2116 κυρτὸν
540 1989 608 2054 τῶν
641 1984 755 2074 άίμων,
789 1985 965 2074 ἐπορεύετο
999 1985 1035 2054 δέ
1064 1978 1115 2052 ἐπὶ

105 2092 163 2177 τάς
190 2097 258 2163 ’τῶν
287 2101 395 2182 φίλων
423 2094 533 2174 ἑστίας
560 2090 701 2180 ἀκλητος
727 2095 936 2180 κεκλημένος,
965 2089 1111 2160 διαλλάσ

107 2222 177 2269 σων
204 2199 284 2281 τοὺς
312 2198 536 2290 οἰκειοτάτους
563 2196 726 2288 ἀλλήλοις,
755 2207 864 2268 είποτε
887 2188 1110 2281 στασιάζοντας

73 2315 278 2401 Οαίσθοιτο,
311 2308 445 2440 ἐπετίμα
478 2303 515 2374 δέ
548 2302 590 2375 οὐ
622 2304 703 2394 μετά
739 2311 886 2395 πικρίας,
925 2301 1008 2373 ἀλλὰ
1040 2294 1117 2392 μετᾶ

107 2413 255 2504 χάριτος,
288 2409 358 2509 οὐχ
378 2416 440 2480 ἴνα
473 2427 698 2500 συκοφαντεῖν
731 2415 814 2502 δοκή
846 2409 926 2492 τοὺς
953 2433 1105 2498 σωφρονι-

35 2566 36 2573 1
64 2552 67 2559 =
108 2521 280 2604 σθέντας,
291 2515 432 2612 ωφελειν
460 2517 497 2586 δὲ
517 2519 653 2613 ἐθέλων
677 2515 801 2647 αὐτούς
827 2545 862 2586 τε
890 2520 1039 2598 ἐκείνους
1064 2511 1106 2584 καὶ

108 2622 187 2705 τοὺς
214 2621 407 2704 ἀκούοντας.
452 2652 507 2692 και
536 2618 577 2714 οὗ
604 2626 703 2693 τοῦτο
731 2616 774 2719 ήν
801 2621 838 2694 τὸ
866 2622 1108 2712 προηγούμενον

110 2727 223 2810 αὐτοις
249 2732 352 2819 τέλος,
380 2723 466 2816 ἀλλ’,
495 2726 576 2818 ὅπερ
577 2710 693 2818 ἔφην,
722 2731 889 2800 ἐσκόπουν
908 2727 998 2811 ὅπως
1025 2724 1109 2798 αὐτοὶ

109 2823 170 2923 μὲν
207 2831 512 2923 εὐδαιμονήσασιν,
544 2831 641 2922 Ιἔμελε
678 2835 715 2904 δὲ
753 2823 867 2918 αὐτοῖς
902 2839 971 2904 τῶν
1012 2833 1110 2904 ἀλλων

109 2945 274 3044 τοσοῦτον
302 2939 384 3010 ὅσον
412 2943 569 3023 ξυνίεσαν
597 2940 689 3055 οἶμαι
709 2943 810 3030 φύσει
837 2932 1040 3047 κοινωνικὸν
1066 2938 1111 3009 καὶ

116 3192 117 3197 ’
178 3151 387 3260 2δξιωτέοονς
404 3194 441 3263 Η]
460 3188 562 3260 ἀξίους
580 3173 651 3258 Pet„
663 3161 911 3265 άξιάτεροντ
949 3197 991 3245 12
999 3189 1116 3252 παιδιὰν

112 3264 208 3330 spanh.
240 3264 274 3313 de
299 3264 415 3325 Patavii
443 3263 645 3330 emendatione]
674 3259 822 3316 παιδείαν
845 3264 1028 3329 pet.15
1041 3252 1117 3328 ἐδη

111 3327 542 3399 μοσίευσεΗ1είςίπολιιιίτΗ
611 3335 642 3391 16
665 3327 709 3392 είς
726 3331 789 3381 add.
806 3331 874 3384 Rsk.
891 3335 919 3382 et
935 3331 963 3382 H
1032 3332 1065 3383 23
1087 3321 1117 3382 σί

112 3400 270 3465 epam-ex
236 3399 490 3453 wemendatione
514 3397 644 3520 Ρελεχλίή
665 3396 721 3466 [εί]
751 3403 839 3464 pet.
891 3400 928 3452 26
948 3388 1117 3464 εάδαιμανή·

112 3482 229 3601 μουρινχ
223 3455 254 3533 21
267 3462 359 3588 ἒἔμελε
371 3467 429 3519 Pet.
448 3473 476 3518 et
495 3464 603 3534 νμωιλι]
639 3469 724 3534 μιλλε
741 3472 798 3532 pet
867 3468 910 3564 26
919 3459 1001 3531 οἶμαι
1017 3465 1117 3561 Ηοτῐω

123 3551 166 3586 me
199 3529 229 3587 ολ
244 3552 298 3602 μν
1031 3592 1034 3601 ,
