2392 3960
501 194 638 247 ORATIO
657 194 704 249 ιι.
1043 195 1102 259 197

87 327 158 393 ἐστι
186 319 324 407 φύσεων
352 326 447 411 ἔργα,
475 322 549 412 περὶ
578 324 639 390 τοῦ
668 323 830 409 βασιλέως
854 317 969 391 Ἡλίου
1000 345 1104 412 προσ-

84 427 158 516 ἡκει
200 431 419 497 διανοεῖσθαι.
469 433 505 496 τί
543 430 583 496 δέ
591 460 599 511 ;
641 426 703 516 οῦχ
743 425 825 517 ἡμῖν
861 427 1008 520 ὄμβρους
1048 431 1104 498 καλ

85 530 232 621 ἀνέμους
260 535 314 601 καὶ
342 532 382 601 τά
411 536 447 602 ἐν
465 549 535 616 τοῖς
563 541 751 625 μεταρσίοις
774 536 935 625 γινόμενοι
961 539 1007 628 τςῦ
1036 542 1104 605 διτ-

84 643 132 732 τῷ
164 641 222 727 τῆς
259 636 517 727 ἀναθυμιάσεως
554 636 629 710 οἷον
665 639 729 731 ῦλη
766 643 936 733 χρώμενος
972 639 990 712 ὁ
1023 641 1105 724 θεὸς

56 737 186 826 εοῦτος
214 746 394 835 έργάζεται;
421 753 617 838 θερμαίνων
635 746 699 838 γάρ
726 746 788 837 τὴν
811 752 876 836 γὴν
900 745 1020 836 ἀτμίδα
1044 752 1157 819 naim

85 850 217 923 καπνὸν
245 855 340 939 ἕλκει,
369 858 495 939 γίνεται
522 853 559 923 δέ
587 857 623 923 ἐκ
650 854 779 923 τούτων
808 851 850 923 ού
876 853 917 922 τά
945 856 1105 944 μετάρσια

85 960 209 1050 μόνον,
247 956 330 1028 ἀλλά
366 961 422 1028 καὶ
459 957 522 1029 ὅσα
559 963 613 1029 ἐπὶ
649 965 710 1049 γῆς
746 961 855 1049 πάθη,
895 961 1016 1051 σμικρά
1049 963 1104 1030 καλ

85 1066 222 1156 μεγάλα.

172 1179 214 1241 Τί
238 1163 301 1241 οῦν
324 1174 377 1242 ἐπὶ
405 1176 472 1242 τῶν
500 1170 613 1242 αὐτῶν
640 1176 779 1262 ἐπέξειμι
804 1175 1005 1266 μακρότερα,
1030 1173 1105 1257 ἐξὸν

43 1313 71 1351 ιο
86 1281 142 1350 ἐπὶ
170 1278 206 1348 τὸ
235 1280 337 1370 πέρας
363 1278 428 1368 ἤδη
456 1285 603 1367 βαδίζειν
630 1275 827 1369 ῦμνὴσαντα
855 1281 1018 1372 πρότερον
1042 1279 1106 1351 ὅσα

86 1393 212 1456 ἔδωκεν
244 1383 439 1476 ἀνθρώποις
462 1384 577 1467 Ἥλιος
608 1383 736 1474 ἀγαθάς
769 1388 940 1477 γινόμενοι
973 1387 1037 1479 γάρ
1072 1389 1104 1470 ἐξ

86 1490 194 1562 αύτοῦ
212 1493 405 1582 τρεφόμεθα
423 1490 502 1584 παρ’
533 1496 671 1562 ἐκείνου.
713 1492 753 1563 τά
785 1495 846 1582 μέν
870 1487 933 1564 οῦν
950 1495 1105 1583 θειότερα

86 1600 143 1669 καὶ
176 1596 239 1668 ὅσα
275 1614 347 1680 ταῖς
378 1614 500 1687 ψυχαῖς
533 1604 674 1669 δίδωσιν
712 1598 869 1671 ἀπολύων
906 1598 1009 1682 αῦτάς
1043 1603 1105 1670 τοῦ
1129 1610 1145 1621 ”

86 1706 249 1796 σώματος,
277 1703 347 1774 εἶτα
371 1707 548 1792 ἐπανάγων
576 1708 628 1775 ἐπὶ
653 1705 711 1788 τάς
737 1711 799 1777 τοῦ
816 1711 903 1777 θεοῦ
930 1718 1144 1796 συγγενεῖςΒ

46 1812 216 1898 ιοούσίας,
244 1814 300 1880 καὶ
326 1810 364 1882 τὸ
392 1810 513 1882 λεπτόν
540 1815 596 1882 καὶ
624 1807 764 1883 εῦτονον
790 1818 848 1902 τῆς
874 1821 971 1895 θείας
999 1812 1105 1903 αῦγὴς

87 1915 162 1991 οἷον
191 1916 296 2007 ῦχημα
324 1922 382 2008 τὴς
409 1925 456 2000 είς
483 1918 545 2007 τὴν
571 1922 703 2005 γένεσιν
728 1918 901 2008 ἀσφαλοῦς
925 1922 1105 2009 διδόμενον

87 2026 242 2098 καθόδου
269 2040 341 2106 ταῖς
368 2040 490 2114 ψυχαῖς
517 2022 689 2113 ῦμνείσθω
723 2053 757 2095 τε
784 2024 895 2107 ἀλλοις
923 2023 1021 2107 ἀξίως
1049 2029 1106 2095 καὶ

86 2131 147 2223 ὑφ’
183 2129 278 2221 ἡμῶν
310 2134 520 2201 πιστευέσθω
554 2135 679 2221 μάλλον
711 2129 732 2220 ἡ
761 2132 976 2205 δεικνύσθω(
997 2131 1038 2202 τά
1067 2132 1104 2201 δὲ

87 2240 150 2312 ῦσα
179 2237 329 2330 γνοίριμα
357 2241 485 2327 πέφυκε
511 2254 581 2320 τοῖς
608 2241 709 2307 πᾶσιν
737 2236 799 2308 οῦκ
826 2236 985 2327 ὀκνητέον
1014 2241 1104 2320 έπεξ-

45 2375 72 2413 νο
87 2357 209 2418 ελθεῐν.
252 2342 400 2435 οῦρανόν
424 2366 507 2434 φησι
530 2346 673 2415 Πλάτων
701 2342 782 2434 ἡμῖν
804 2348 963 2432 γενέσθαι
983 2352 1107 2434 σοφίας

87 2453 303 2525 διδάσκαλον.
345 2454 485 2521 ἐνθένδε
507 2448 571 2543 γάρ
596 2449 745 2541 ἀριθμοῦ
768 2452 1024 2542 κατενοήσαμεν
1039 2451 1105 2540 φύ-

87 2583 154 2648 σιν,
183 2551 223 2647 ἡς
249 2557 286 2628 τὸ
312 2561 476 2649 διαφέρον
500 2556 561 2628 οῦκ
589 2557 696 2640 άλλως
718 2556 738 2647 ἡ
763 2558 820 2629 διά
847 2563 906 2648 τὴς
927 2555 1025 2648 ἡλίου
1049 2585 1103 2628 πε-

87 2667 207 2758 ριόδου
239 2667 494 2754 κατενοήσαμεν.
540 2672 628 2754 φησί
656 2693 708 2735 τοι
740 2667 796 2736 καὶ
829 2664 930 2748 αὐτὸς
962 2666 1144 2735 Πλάτωνθ

86 2771 215 2864 ἡμέραν
243 2773 299 2841 καὶ
326 2772 431 2842 νύκτα
457 2773 630 2863 πρότερον.
672 2771 742 2841 εἶτα
766 2776 802 2842 ἐκ
829 2777 889 2843 τοῦ
914 2766 1025 2861 φωτός
1047 2775 1105 2860 τῆς

47 2908 72 2947 25
87 2881 238 2971 σελήνης,
271 2875 289 2946 δ
323 2877 365 2967 δὴ
399 2884 529 2948 δίδοται
565 2881 605 2969 τῇ
636 2883 706 2970 θεῷ
743 2880 845 2969 ταύτη
883 2877 961 2970 παρ’
996 2874 1105 2967 ἡλίου,

86 2987 167 3077 μετὰ
187 2989 286 3055 τοῦτο
315 2986 530 3076 προήλθομεν
554 2988 607 3055 ἐπὶ
625 2988 728 3055 πλέον
749 2989 808 3074 τῆς
830 2987 985 3073 τοιαύτης
1008 2985 1104 3054 συνέ-

86 3117 181 3182 σεως,
205 3090 399 3181 ἁπανταχοῦ
421 3095 480 3180 τὴς
506 3091 590 3181 πρὸς
611 3091 672 3162 τὸν
698 3090 783 3162 θεὸν
806 3097 927 3163 τοῦτον
951 3091 1105 3180 στοχαζό·

157 3292 269 3367 1παρόι
290 3299 352 3351 libri
422 3291 504 3350 λέπί
523 3297 574 3365 γῆς
593 3296 630 3364 Η]
653 3291 711 3351 ῦπό
730 3296 793 3366 γῆν.
825 3300 862 3353 cf.
883 3298 918 3351 ad
938 3298 1019 3349 1200
1090 3300 1106 3346 9

87 3363 146 3437 ἐπὶ]
165 3361 243 3434 ’πρός
269 3368 305 3431 (33
330 3367 422 3418 malim
444 3363 510 3432 περὶ
542 3364 547 3431 Ι
580 3362 742 3433 μακρότερα
764 3363 804 3434 Η]
828 3359 1004 3434 μακρότερον
1075 3368 1107 3416 10

87 3435 175 3506 κέρας
194 3436 258 3486 libri
328 3439 358 3486 11
383 3426 425 3501 ἐξ]
452 3431 527 3486 <iifl
550 3433 682 3500 (‚‚voluit
705 3427 770 3487 δι’“
788 3435 868 3498 Rsk.)
939 3436 971 3483 19
992 3426 1106 3496 πέφυκε

87 3504 164 3572 libri]
188 3499 321 3570 πέφυκεν
391 3505 424 3555 20
446 3496 582 3569 Πλάτων]
601 3503 728 3568 Epinom.
746 3504 832 3554 9va
865 3501 869 3564 Ι
902 3498 1007 3566 σοφίας
1026 3495 1104 3567 libri]

89 3574 140 3642 τῆς
159 3570 265 3638 σοφίας
335 3574 367 3622 21
388 3564 511 3625 ἐνθένδε
529 3568 569 3639 Η]
591 3563 687 3624 ένθεν.
722 3571 785 3625 Vid.
805 3568 942 3622 ad13213
