2370 3908
99 160 142 223 24
405 160 549 212 IULIANI
566 159 815 211 IMPERATORIS

100 285 172 357 ἀλλ’
203 283 286 377 ὑπὲρ
314 286 375 375 μὲν
402 286 530 355 τούτων
558 287 614 354 καὶ
642 276 744 366 αὖθις
768 287 892 366 ἐξέσται
916 283 972 355 διά
995 314 1120 377 μακρο-

99 396 206 484 τέρων
230 396 388 480 δηλῶσαι.
426 389 515 472 ὅπως
540 391 576 460 δέ
595 395 663 459 των
681 392 885 481 πραγμάτων
904 393 1120 480 ἐπεμελήθης,

58 500 273 568 Βτοσούτων
305 499 416 589 κύκλῳ
449 497 677 586 περιστάντων
710 495 790 585 μετά
818 497 879 586 τῆν
906 501 967 567 τοῦ
995 497 1120 589 πατρὸς

100 604 256 693 τελευτῆν
283 605 455 674 κινδύνων
490 606 546 672 καὶ
578 607 802 672 παντοδαπῶν
829 604 986 694 θορύβου
1014 631 1119 693 πραγ-

100 712 229 799 μάτων,
257 712 404 798 πολέμου
433 717 607 797 γενναίου,
635 713 758 797 πολλῆς
781 714 1006 798 καταδρομῆς,
1035 730 1146 799 συμε

100 818 215 906 μάγων
244 815 471 903 άποστάσεως,
500 817 737 906 στρατοπέδων
765 813 915 903 άταξίας,
943 814 1006 885 ὅσα
1035 814 1120 885 άλλα

99 924 172 992 τότε
196 927 341 1011 δυσχερῆ
365 923 627 1010 κατελάμβανεν,
652 931 732 1002 ἴσως
756 921 820 1009 ῆδη
846 929 993 990 διελθεῖν
1013 919 1119 1003 άξιον.

100 1027 213 1117 ἐπειδὴ
242 1030 306 1116 γάρ
334 1049 387 1096 σοι
414 1026 454 1096 τά
481 1031 549 1095 των
577 1031 761 1114 συνθηκῶν
789 1027 869 1115 μετά
896 1032 954 1116 τῆς
982 1025 1121 1117 άρίστης

101 1131 261 1222 ὁμονοίας
294 1134 456 1226 διςόκητο,
494 1136 606 1223 παρῆν
644 1132 681 1201 δέ
714 1129 731 1202 ό
765 1133 881 1224 καιρὸς
912 1149 983 1215 τοῖς
1014 1136 1120 1223 πράγ-

62 1250 204 1327 Ομασιν
232 1241 413 1310 ἐπιτάττων
440 1248 583 1328 βοηθεῖν
611 1242 865 1326 κινδυνεύουσι,
893 1247 1030 1329 πορείας
1058 1240 1120 1328 μὲν
1134 1263 1160 1305 10

99 1347 189 1433 τάχει
230 1346 436 1435 χρησάμενος
473 1343 608 1435 άθρόως
645 1348 680 1413 ἐκ
717 1346 877 1414 Παιόνων
920 1349 956 1413 ἐν
993 1347 1121 1437 Σύροις

101 1450 236 1540 άφθης,
265 1448 344 1520 οὐδὲ
372 1454 417 1542 τῷ
446 1451 534 1542 λόγῳ
563 1453 668 1532 δείξαι
696 1452 828 1542 ῥᾴδιον·
858 1449 953 1541 άρκεί
979 1451 1016 1520 δέ
1048 1469 1120 1533 τοῖς

101 1559 286 1645 ἐγνωκόσιν
318 1554 338 1645 ῆ
373 1573 479 1647 πείρα,
527 1554 617 1638 ὅπως
650 1557 687 1625 δὲ
718 1555 802 1644 πρὸς
833 1555 895 1645 τῆν
927 1565 1120 1645 παρουσίαν

100 1663 163 1751 τὴν
188 1663 251 1751 σῆν
276 1661 410 1753 άθρόως
434 1660 564 1732 ἅπαντα
587 1663 814 1750 μεταβαλόντα
839 1665 894 1731 καὶ
913 1664 1119 1750 μεταστάντα

101 1768 185 1860 πρὸς
208 1767 245 1838 τὸ
270 1771 402 1856 βέλτιον
426 1765 467 1836 οὐ
486 1768 680 1855 μόνοντῶν
703 1771 1015 1858 ἐπικρεμασθέντων
1033 1766 1119 1858 ῆμάς
1133 1789 1159 1831 1⁵

102 1874 266 1963 άπῆλλαξε
295 1875 429 1963 φόβων,
445 1919 448 1925 ,
463 1871 621 1961 άμείνους
648 1874 685 1943 δὲ
712 1878 827 1965 μακρῷ
855 1873 912 1956 τάς
939 1871 1023 1964 ὑπὲρ
1051 1879 1120 1944 τῶν

102 1982 291 2069 μελλόντων
323 1983 488 2070 παρέσχεν
520 1982 674 2066 ἐλπίδας,
711 1989 760 2061 τίς
796 1976 839 2048 άν
871 1979 1019 2071 άρκέσειε
1050 1985 1119 2050 τάν

16 2097 82 2183 „D
102 2083 261 2157 ἁπάντων
290 2094 408 2170 είπείν;
441 2085 481 2155 τά
509 2086 571 2173 μὲν
597 2085 665 2154 τῶν
694 2090 942 2175 στρατοπέδων,
974 2095 1118 2175 πλησιόν

101 2196 286 2282 γενομένου
314 2195 436 2283 μόνον,
469 2195 633 2262 ἐπέπαυτο
665 2196 723 2280 τῆς
755 2189 890 2274 άταξίας
922 2195 979 2262 καὶ
1006 2204 1118 2281 μεθει-

102 2299 212 2388 στῆκει
245 2300 328 2390 πρὸς
359 2300 506 2387 κόσμον,
542 2296 723 2388 Ἀρμενίων
760 2299 797 2367 δέ
830 2303 865 2367 οί
894 2302 1119 2387 προσθέμενοι
1133 2320 1160 2361 20

101 2422 171 2486 τοῖς
197 2413 368 2494 πολεμίοις
395 2403 501 2485 εὐθὺς
528 2406 745 2492 μετέστησαν,
779 2409 842 2474 σοῦ
873 2404 952 2486 τοὺς
979 2404 1040 2492 μέν
1068 2412 1118 2474 αί-

102 2518 194 2592 τίους
221 2515 279 2599 τῆς
308 2514 417 2598 φυγῆς
443 2513 488 2602 τῷ
516 2513 574 2600 τῆς
601 2510 710 2600 χώρας
733 2514 860 2598 ἐκείνης
883 2509 1018 2601 άρχοντι
1041 2509 1116 2602 παρ’

102 2613 189 2706 ῆμάς
207 2617 435 2703 ἐξαγαγόντος,
454 2631 523 2697 τοῖς
543 2617 709 2704 φεύγουσι
729 2617 766 2685 δὲ
780 2615 845 2704 τῆν
865 2620 897 2698 ἐς
915 2615 976 2706 τῆν
991 2624 1119 2686 οἰκείαν

103 2722 256 2792 κάθοδον
272 2721 353 2792 άδεά
367 2722 692 2812 παρασκευάσαντος.
716 2721 803 2792 οὕτω
819 2723 856 2791 δὲ
871 2724 1120 2813 φιλανθρώπως

104 2844 175 2909 τοῖς
202 2856 236 2897 τε
259 2827 333 2919 παρ’
364 2826 449 2919 ῆμάς
477 2826 694 2916 ἀφικομένοις
722 2827 797 2918 άρτι
824 2831 1037 2920 χρησαμένου
1064 2831 1159 2898 κάλω

48 2950 82 3000 21
104 2950 174 3015 τοῖς
201 2938 236 3004 ἐκ
263 2939 321 3024 τῆς
348 2940 459 3024 φυγῆς
487 2933 566 3023 μετά
586 2938 647 3003 τοῦ
670 2939 769 3022 σφῶν
796 2933 956 3026 άρχοντος
983 2946 1118 3023 κατελη-

102 3041 225 3109 λυθόσι
253 3042 368 3132 πράως
396 3038 608 3130 ὁμιλοῦντος,
637 3045 673 3109 οί
697 3043 772 3129 μέν,
801 3040 852 3111 ότι
875 3044 931 3111 καὶ
954 3042 1119 3132 πρότερον

170 3244 405 3300 4ποιντοδαποῦλ
424 3248 491 3298 Rsk.
506 3252 570 3311 post
587 3245 780 3297 παντοδαπῶν
800 3247 863 3298 αδδ.
875 3246 985 3312 μεστῶν
1031 3250 1047 3298 6
1066 3231 1119 3298 άσα

103 3328 133 3364 τε
152 3304 225 3364 ἄλλα
244 3314 355 3366 Schaef.
386 3316 422 3365 cf.
442 3316 506 3366 1οΒ
526 3320 554 3364 et
572 3314 635 3364 830
707 3308 1012 3382 ἵκατελάμβανενλ]
1037 3332 1119 3368 κατε-

104 3375 254 3448 λάμβανον
304 3385 336 3433 10
354 3380 485 3450 τορείας]
504 3372 581 3440 ὅπως
600 3379 718 3445 πορείας
738 3383 858 3449 Schaef„
877 3384 938 3434 Pet.
957 3399 1024 3434 vero
1042 3374 1120 3443 ὅπως

102 3443 155 3512 μὲν
179 3466 227 3514 pro
251 3440 366 3516 άθρόως
389 3450 510 3515 conjecit
579 3451 610 3500 16
633 3445 731 3517 μακρά
757 3450 814 3501 eV
832 3450 928 3502 addidi
995 3453 1027 3503 21
1050 3444 1120 3513 τοδε

101 3510 157 3582 μέν
177 3515 245 3584 VM]
264 3512 405 3584 μὲντοδς
474 3499 721 3584 23τγεάγουσιν]
742 3515 870 3586 φυγοῦσι
1120 3576 1124 3583 ,
