2392 3960
484 183 620 235 οεευιο
637 184 659 237 1.
1035 185 1078 249 33

58 312 140 399 τῇδε
176 307 444 398 προσεδόκησας,
481 304 583 390 αὐτὸς
619 309 656 378 δέ
689 312 742 378 έπλ
773 309 853 391 τούς
889 312 1077 401 τυράννους
1096 334 1130 383 27

61 412 172 504 ὁρμάν
199 414 393 500 έβουλεύου.
434 417 562 505 Πέρσαι
590 414 627 484 δὲ
655 418 688 496 ἐξ
712 419 843 486 ἐκείνου
870 416 930 486 τὸν
957 418 1078 507 καιρὸν

59 523 185 590 τοῦτον
212 521 524 610 παραφυλάξαντες,
556 515 601 602 ῶς
633 524 665 603 ἐξ
694 523 823 609 ἐφόδου
855 522 917 612 τὴν
945 532 1078 614 Συρίαν

59 626 258 715 ληψόμενοι,
284 629 397 695 πάσαν
425 627 704 715 έξαναστήσαντες
731 625 864 716 ἡλικίαν
887 632 943 698 καὶ
971 632 1077 718 φύσιν

33 734 117 805 ικαλ
158 732 265 820 τύχην
305 729 360 819 ἐφ’
398 728 484 821 ἡμᾶς
526 731 694 822 ῶρμηντο,
737 732 871 823 ἄνδρες,
913 737 1077 826 μειράκια,

60 841 245 927 πρεσβῦται
272 840 518 924 καὶγυναικῶν
540 842 671 926 πλῆθος
698 842 753 907 καλ
776 842 1008 930 θεραπόντων,
1036 842 1079 911 ού

60 945 170 1033 μόνον
197 947 266 1013 τῶν
293 941 377 1034 πρὸς
408 943 468 1013 τὸν
499 944 646 1033 πόλεμον
677 941 874 1034 ὑπουργιῶν
901 948 1014 1036 χάριν,
1042 952 1078 1016 έκ

60 1056 258 1140 περιουσίας
293 1050 331 1118 δέ
366 1058 522 1119 πλεῖστον
560 1051 731 1139 ἑπόμενον.
782 1056 978 1122 διενοοῦντο
1014 1053 1077 1143 γάρ

61 1153 108 1238 ῶς
140 1158 196 1224 καὶ
229 1155 287 1237 τάς
317 1156 430 1237 πόλεις
461 1160 658 1238 καθέξοντες
690 1159 745 1225 καί
777 1161 835 1246 τῆς
869 1159 978 1248 χωρας
1010 1157 1118 1247 ἥδηΒ

22 1292 49 1333 ιο
61 1262 286 1353 κρατήσαντες
322 1261 530 1351 κληρούχους
565 1259 647 1351 ἡμῖν
684 1263 851 1344 ἐπάξουσι.
901 1263 1000 1346 κενάς
1041 1266 1079 1333 δὲ

62 1366 239 1456 άπέφηνεν
279 1365 394 1449 αύτοίς
429 1366 488 1449 τάς
523 1374 727 1457 προσδοκίας
768 1373 827 1457 τῆς
866 1375 1079 1459 παρασκευῆς

61 1477 122 1563 τῆς
148 1478 211 1562 σῆς
229 1472 266 1543 τὸ
285 1476 437 1561 μέγεθος.
479 1474 591 1562 ἐπειδὴ
619 1474 682 1564 γάρ
701 1478 735 1555 ἐς
761 1482 957 1565 πολιορκίαν
984 1480 1078 1545 κατέ-

63 1601 201 1668 στησαν,
229 1583 437 1668 ε’πετειχίζετο
456 1579 517 1667 μὲν
535 1576 556 1668 ἡ
574 1579 669 1661 πόλις
692 1577 802 1672 κύκλῳ
820 1596 891 1662 τοῖς
918 1583 1078 1670 χῶμασιν,

63 1688 194 1777 ἐπέρρει
222 1686 260 1754 δὲ
287 1682 523 1771 ὁΜνγδόνιος
549 1693 733 1773 πελαγίζων
751 1687 788 1755 τὸ
816 1689 890 1775 περὶ
909 1691 954 1779 τῷ
982 1695 1079 1775 τείχει

25 1800 205 1881 ιιχωρίον,
241 1792 392 1880 καθάπερ
430 1788 447 1860 ὁ
486 1799 623 1878 Νεῖλος,
660 1800 760 1879 φασί,
795 1790 857 1880 τὴν
894 1803 1079 1879 Αίγυπτον.

63 1899 250 1988 προσήγετο
269 1897 306 1966 δὲ
325 1900 378 1966 έπλ
406 1902 493 1966 νεῶν
510 1913 582 1978 ταῖς
610 1899 759 1979 ἐπάλξεσι
782 1897 823 1966 τά
850 1899 1078 1987 μηχανήματα,

62 2007 120 2073 καλ
148 2006 297 2073 ἐπιπλεῖν
325 2001 419 2071 άλλοι
446 2006 641 2072 διενοοῦντο
660 2019 730 2084 τοϊς
748 2011 903 2091 τείχεσιν,
929 2003 1021 2074 άλλοι
1042 2006 1118 2078 δὲῦ

32 2116 208 2198 .έβαλλον
240 2106 305 2178 άπὸ
332 2112 401 2177 τῶν
433 2108 595 2198 χωμάτων
627 2108 707 2189 τοὺς
734 2106 969 2196 ἀμυνομένους
994 2106 1079 2199 ὑπὲρ

63 2219 123 2303 τῆς
148 2216 284 2297 πόλεως.
331 2219 366 2284 οί
390 2215 428 2284 δὲ
456 2219 492 2284 ἐκ
519 2219 587 2284 τῶν
608 2217 728 2302 τειχῶν
755 2213 887 2302 ἤμυνον
915 2220 1080 2305 καρτερῶς

25 2325 105 2411 ιιτῇ
132 2323 235 2391 πόλει.
280 2319 381 2409 μεστά
410 2321 446 2390 δὲ
473 2314 516 2409 ἦν
544 2319 673 2390 ἅπαντα
701 2320 864 2408 σωμάτων
891 2323 946 2389 καλ
974 2350 1078 2390 ναυα-

63 2434 151 2515 γίων
177 2429 234 2497 καλ
261 2424 374 2497 ὅπλων
401 2429 457 2495 καὶ
485 2429 603 2514 βελῶν,
629 2430 698 2495 τῶν
724 2426 785 2514 μὲν
813 2425 887 2515 άρτι
915 2432 1078 2496 καταδυο-

64 2534 194 2621 μένων,
231 2536 298 2601 τῶν
329 2535 382 2619 δέ,
419 2530 531 2621 ἐπειδὴ
563 2530 600 2602 τὸ
638 2535 772 2621 πρῶτον
808 2529 873 2602 ὑπὸ
911 2536 969 2621 τῆς
1004 2540 1080 2620 βίας

64 2641 308 2728 κατενεχθέντα
326 2641 460 2726 κατέδυ,
487 2641 738 2726 κουφιζομένων
761 2634 827 2707 ύπὸ
846 2642 907 2707 τού
926 2639 1080 2727 κύματος.

66 2742 204 2839 ἀσπίδες
240 2744 302 2833 μὲν
333 2745 533 2833 έπενήχοντο
566 2744 747 2833 βαρβάρων
782 2753 992 2832 παμπληθεῖς
1024 2747 1080 2813 καλ

29 2854 154 2923 κενεῶν
181 2854 305 2940 ἕρματα
333 2853 605 2940 συντριβομένων
623 2848 674 2918 ἐπ’
706 2847 822 2931 αύταῖς
839 2854 907 2918 τῶν
934 2878 1080 2938 μηχανη-

66 2957 190 3045 μάτων.
243 2960 352 3045 βελῶν
392 2960 522 3045 πλῆθος
562 2955 803 3045 ἐπινηχόμενον
844 2959 965 3045 μικροῦ
1006 2962 1123 3028 δεῖνλ)

116 3143 151 3191 -6
173 3139 332 3206 πρεσβῦται
354 3138 479 3205 Βολιοεί]
504 3133 662 3204 πρεσβύτου
731 3136 819 3191 9κοιλ
837 3131 937 3200 πόλεις
955 3140 979 3188 V
1050 3144 1082 3191 10

68 3200 205 3272 ἐπάξουσι
217 3208 255 3273 Μ,
274 3199 434 3271 έπαύξουσι
445 3208 477 3270 V,
491 3199 647 3270 ἐπάξουσιν
659 3222 687 3272 v,
704 3197 860 3270 ἐπάξοντες
873 3209 960 3272 wytt.
986 3208 1082 3257 Malim

69 3266 188 3343 ἐπάγειν
258 3277 289 3327 λλ
307 3268 336 3335 ές
353 3272 421 3340 VM]
441 3271 482 3334 είς
541 3278 572 3326 13
590 3272 811 3340 περιετειχίζετο
829 3277 856 3325 Η
927 3277 958 3326 14
976 3266 991 3325 ὁ
1010 3291 1082 3339 μυγ-

69 3334 167 3403 adme
184 3342 243 3393 VM
261 3334 435 3409 (μνγδῶνιος
453 3338 506 3459 ΜΨ
526 3336 693 3407 Μυγδόνιος
708 3341 712 3405 1
727 3339 773 3408 τὸ]
794 3341 831 3392 τῶ
851 3336 882 3392 τό
901 3342 926 3390 V
983 3344 1014 3391 17
1034 3334 1082 3392 ἐπὶ

68 3412 171 3463 πλεῖον
188 3409 213 3460 V
281 3413 314 3462 25
332 3404 451 3475 ἕρματα]
471 3424 488 3459 σ
505 3410 598 3474 λματα
616 3410 683 3459 Rsk.
702 3408 707 3473 Ι
728 3409 795 3471 „Sic
813 3410 1035 3475 distinguendum
1053 3414 1082 3458 et

69 3477 216 3597 ¹05011‘111111
233 3478 354 3558 αἰδοίους
375 3471 614 3543 συντριβομένων.
639 3469 684 3528 ἐπ’
705 3470 807 3536 αύταῑς
821 3472 854 3528 δὲ
867 3468 1084 3542 μηχανημάτων

68 3562 105 3597 κα
135 3544 228 3613 βελωτ
245 3544 393 3611 πληθος“.
419 3545 484 3595 Rsk.

120 3638 228 3679 Iulianus
241 3638 261 3677 Ι.
853 3632 869 3678 3
