2370 3908
116 199 136 262 2
416 201 561 254 IULIANI
577 201 825 254 IMPERATORIS

75 345 98 399 Β
117 327 178 416 μὲν
205 342 358 416 ποιηταῖς
376 330 515 397 Μοῦσαι
541 329 597 397 καὶ
624 327 662 397 τὸ
682 333 796 397 δοκεῖν
824 331 954 398 ἐκεῖθεν
977 333 1132 403 ἐπιπνεο-

115 436 237 523 μένους
268 433 331 523 τήν
362 441 499 522 ποίησιν
532 435 675 525 γράφειν
707 432 867 522 άφθονον
903 437 1038 525 παρέχει
1069 438 1133 528 τήν

116 543 271 622 ἐξουσίαν
302 543 365 610 τού
395 541 597 629 πλάσματος·
634 556 704 622 τοῖς
736 542 873 631 ῥήτορσι
909 542 947 610 δὲ
978 539 1000 630 6
1031 546 1132 633 τέχνη

114 646 176 734 τήν
205 656 282 735 ίσην
309 649 474 738 παρέσχεν
506 645 638 733 άδειαν,
669 647 707 715 τὸ
735 647 796 734 μὲν
827 648 981 718 πλάττειν
1009 647 1132 738 άφελο-

114 754 209 840 μένη,
236 752 274 822 τὸ
303 753 340 822 δέ
358 753 553 822 κολακεύειν
572 751 727 841 οὐδαμῶς
755 750 1024 843 άπαγορεύσασα,
1049 753 1157 826 ούδδο

116 859 281 947 αἰσχύνην
309 855 583 948 ὁμολογουμένην
600 863 646 952 τῷ
670 861 801 946 λέγοντι
823 859 860 929 τὸ
883 864 1016 943 ψευδῶς
1039 865 1133 931 ἐπαι-

115 981 188 1034 νείν
214 965 294 1048 τούς
321 964 384 1035 ούκ
412 964 526 1048 άξίους
553 970 693 1035 ἐπαίνου
722 972 873 1055 κρίνασα.
906 964 978 1035 άλλ’
1009 971 1044 1036 oc
1069 968 1133 1055 μὲν
1171 1020 1174 1027 -

116 1071 251 1140 ἐπειδάν
278 1072 398 1142 καινόν
426 1099 501 1141 τινα
520 1075 634 1159 μύθου
661 1073 717 1140 καὶ
736 1074 872 1160 μηδέπω
891 1088 961 1154 τοῖς
979 1072 1134 1162 πρόσθεν

77 1194 97 1249 G
117 1179 338 1265 ἐπινοηθέντα
362 1180 512 1267 φέρωσιν
540 1175 636 1247 αύτοὶ
655 1180 844 1264 ξυνθέντες,
871 1182 917 1272 τῷ
942 1180 1024 1272 ξένςο
1052 1178 1133 1262 τούς

115 1281 300 1365 ἀκούοντας
337 1283 639 1372 ψυχαγωγήσαντες
675 1286 777 1353 πλέον
813 1285 1054 1374 θαυμάζονται·
1099 1290 1175 1361 οἱα·

115 1390 152 1458 δὲ
179 1393 237 1477 τής
264 1392 380 1478 τέχνης
407 1388 598 1460 άπολαῦσαί
614 1410 719 1479 φασιν
738 1392 775 1459 ἐν
793 1394 839 1483 τῷ
868 1391 1037 1461 δύνασθαι
1056 1393 1134 1481 περὶ
1157 1378 1173 1469 ”,

83 1576 87 1583 .
113 1499 182 1563 τῶν
209 1499 338 1585 μικράν
365 1497 521 1585 μειζόνως
550 1503 707 1583 διελθεῖν,
736 1496 851 1566 καὶτὸ
880 1499 1022 1585 μέγεθος
1050 1494 1132 1585 άφε-

114 1610 184 1670 λείν
212 1605 279 1671 τῶν
312 1608 420 1730 ἔργων
447 1605 493 1693 τῷ
522 1603 626 1695 λόγω,
658 1604 713 1671 καὶ
742 1600 827 1684 ὅλως
859 1600 1064 1672 άντιτάττειν
1091 1606 1132 1691 τή

113 1710 182 1776 τῶν
199 1707 404 1839 πραγμάτων
423 1707 524 1796 φύσει
553 1707 724 1776 δύνασθαι
741 1706 803 1793 τήν
821 1712 889 1775 τῶν
908 1709 1028 1794 λόγων.
1066 1706 1131 1794 ἐγω
1172 1710 1175 1717 ’

114 1813 152 1882 δε
180 1819 210 1881 εί
236 1841 297 1902 μεν
326 1813 440 1903 ἑτάρων
466 1814 589 1900 ταύτης
621 1811 766 1942 ἐμαυτὸν
794 1814 847 1881 ἐπὶ
874 1816 936 1881 τοῦ
963 1798 1172 1902 παρόντοςιιΙ

115 1921 151 1988 έν
178 1926 272 2011 χρείη
299 1924 358 2008 τής
384 1922 510 2008 τέχνης,
538 1922 623 2006 ήγον
642 1916 684 1988 άν
702 1917 764 2005 τήν
791 1918 1031 2048 προσήκουσαν
1049 1916 1131 2008 ήσυ-

69 2045 95 2099 D
114 2032 192 2114 χιάν
223 2041 293 2107 τοῖς
325 2024 527 2115 άμελετήτως
560 2032 672 2114 ἔχουσι
705 2029 772 2094 των
809 2026 973 2095 τοιούτων
1010 2024 1132 2113 λόγων,

113 2136 324 2222 παραχωρῶν
355 2136 424 2202 των
457 2136 528 2202 σῶν
561 2135 734 2220 ἐγκωμίων
763 2123 976 2216 ἐκείνοις,
950 2158 997 2198 ων
1025 2134 1175 2260 μικρῷξ
1173 2124 1175 2129 ’

114 2239 266 2328 πρόσθεν
285 2239 468 2328 ἐμνήσθην.
502 2241 572 2308 ἐπεὶ
592 2235 668 2307 δὲ”
648 2262 737 2305 απαν
755 2233 956 2306 τούναντίον
975 2232 993 2305 6
1013 2237 1175 2327 παρύν,ῑ

115 2342 248 2414 άπαιτεί
272 2346 372 2433 λόγος
398 2349 467 2414 τῶν
494 2342 699 2433 πραγμάτων
727 2338 836 2430 άπλήν
864 2342 1021 2431 διήγησιν
1050 2341 1131 2413 ούδ-
1143 2328 1175 2421 νύ,

29 2510 34 2519 .
115 2451 191 2533 ενὸς
241 2452 436 2521 ἐπεισάκτου
486 2450 615 2538 κόσμου
666 2451 845 2538 δεομένην,
892 2451 985 2530 ἔδοξε
1031 2446 1132 2539 κάμοὶ

114 2557 307 2647 προσήκειν,
336 2557 425 2647 (τοῦ)
455 2555 555 2638 άξίως
574 2555 800 2643 διηγήσασθαι
823 2558 891 2624 τῶν
919 2561 1027 2645 ἔργων
1056 2553 1140 2624 άνε-·
1172 2558 1175 2565 '

115 2670 237 2791 (μίκτου
278 2665 334 2732 καὶ
371 2663 444 2732 τότε
481 2678 551 2744 τοῖς
587 2665 817 2752 προλαβοῦσιν
854 2659 919 2750 ήδη
958 2661 1135 2749 φανέντος.
1173 2688 1175 2693 ·

115 2768 256 2850 άπαντες
288 2768 351 2858 γάρ
385 2769 506 2858 σχεδὸν
540 2773 574 2839 οἱ
604 2770 677 2858 περὶ
710 2774 866 2837 παιδείαν
904 2771 1168 2856 διατρίβοντές

79 2875 182 2966 3(⁶⁸)
216 2878 252 2943 ἐν
284 2878 391 2968 μέτρω
425 2878 480 2945 καὶ
516 2875 749 2963 καταλογάδην
786 2871 968 2963 ὑμνοῦσιν,
1006 2877 1041 2942 οί
1071 2875 1175 2965 μενιι

116 2980 245 3051 ἅπαντα
267 2985 498 3072 περιλαβεϊνέ
498 3011 518 3051 ν
538 2989 656 3072 βραχεῖ
675 2984 905 3069 τολμωντες,ο
889 2979 978 3049 οίδὲ
996 2981 1136 3068 μέρεσιν

183 3114 366 3202 4παρέσγεν
385 3115 455 3194 VM]
482 3112 603 3197 παρέχει
688 3119 704 3167 ὅ
727 3110 758 3168 τδ
784 3111 820 3195 δὲ,
840 3107 1011 3167 κολακεύειν
1030 3113 1070 3192 V]
1099 3109 1134 3168 τό

115 3181 287 3238 κολακεύειν
306 3181 339 3237 δε
356 3175 393 3248 Ι’
376 3179 612 3250 απαγορεύσασα-
609 3182 651 3250 V]
672 3177 893 3264 άπαγορεύουσμ
950 3186 966 3234 6
983 3179 1096 3259 ψεήδος
1109 3185 1137 3236 V

116 3259 131 3305 9
151 3248 309 3318 ξυνθέντες
327 3250 397 3320 VM]
419 3248 576 3311 συνθέντες
630 3255 662 3302 14
681 3246 829 3303 δύνασθαι
847 3245 913 3317 τήν]
934 3243 989 3315 τήν
1002 3241 1134 3313 δύναμιν

115 3320 358 3401 Ψγιλευλιμολιὶαε,
382 3321 513 3371 Reiskius
537 3314 591 3385 τήν
608 3317 663 3371 τῶν
689 3311 778 3385 λόγων
802 3316 922 3399 τέχνην,
947 3317 1018 3384 quod
1038 3317 1135 3370 deleto

116 3390 200 3440 verbo
219 3384 369 3439 δύνασθαι
388 3388 559 3454 probandum
576 3388 652 3439 videt
641 3393 686 3438 tur
759 3391 791 3438 19
809 3378 982 3438 τούναντίον
1000 3382 1040 3449 M]
1065 3379 1135 3437 τού-

116 3450 234 3508 νάντιον
293 3458 325 3506 22
343 3472 394 3507 του
414 3455 477 3508 add
496 3455 563 3506 Rsk.
628 3456 660 3506 23
679 3449 743 3506 τότε
762 3453 956 3519 προλαβουσιν
974 3455 1043 3505 VM
1070 3455 1136 3519 Ego

116 3524 180 3576 τότε
199 3524 304 3575 deleam
361 3526 393 3574 25
412 3538 442 3574 σε
460 3523 521 3574 εδδ.
541 3520 793 3587 Schaeferusluod
812 3523 907 3574 om.V
963 3521 996 3571 26
1015 3510 1045 3571 ἐν
1065 3528 1135 3574 ante

118 3587 230 3657 μέρεσιν
249 3592 331 3658 vulgo
350 3591 426 3644 addit
415 3597 473 3643 tum
491 3590 595 3643 delevit
612 3591 679 3642 Rsk.
