2392 3960
401 191 605 242 εειετοτιε
624 192 664 243 τε.
683 193 723 243 ιι.
742 193 782 247 τι.
1035 190 1100 256 565

81 330 219 413 κρίνων.
264 325 353 413 πλὴν
380 325 424 394 ἀν
449 353 485 394 τε
512 335 573 416 ῖσςο
601 329 648 420 τῷ
677 328 785 419 μέτρῳ
813 330 915 420 διδῷς
943 318 1032 419 ᾧπερ
1056 322 1100 395 ἀν

82 432 188 521 λάβης
215 431 258 502 ἀν
284 460 318 502 τε
346 432 406 522 μή,
437 431 519 522 ἡμῖν
546 431 613 520 ὅ,τι
641 429 684 502 ἀν
707 435 762 523 ἐξῇ
785 432 875 522 παρὰ
898 437 962 502 σοῦ
983 439 1151 520 λαβεῖν441

85 537 153 626 ἡδὺ
176 540 230 606 καὶ
254 537 337 627 πρὸς
359 537 396 607 τὸ
420 537 502 608 ὅλον
525 537 640 628 ἀρκεῖν
662 539 858 609 πιστεύεται.

297 769 353 837 νε’.
397 767 582 861 Εὐμενίω
604 770 669 839 καὶ
695 774 890 864 Φαριανῷ.

53 938 67 978 5
175 919 222 978 Εῖ
249 923 299 989 τίς
331 907 417 996 ὑμᾶς
448 913 615 997 πέπεικεν,
652 910 703 980 ὅτι
730 915 792 982 τοῦ
819 921 1020 1001 φιλοσοφεῖν
1048 913 1101 980 ἐπὶ

85 1021 207 1105 σχολῆς
234 1016 456 1106 ἀπραγμόνως
484 1019 574 1087 ἐστὶν
600 1017 701 1107 ἥδιον
727 1015 748 1108 ἢ
775 1019 1046 1108 λυσιτελέστερόν
1069 1047 1101 1088 τι

83 1139 156 1203 τοῖς
179 1122 382 1212 ἀνθρώποις,
401 1122 609 1213 ἠπατημένος
628 1123 781 1217 ἐξαπατᾷ·
805 1131 837 1194 εί
853 1125 891 1194 δὲ
908 1127 1002 1214 με’νει
1020 1122 1098 1215 παρ’
1119 1138 1142 1191 Β

86 1232 168 1318 ὑμῖν
191 1228 211 1318 ἡ
234 1231 336 1299 πάλαι
359 1237 539 1320 προθυμία,
555 1232 611 1299 καὶ
630 1231 675 1319 μη
693 1231 845 1319 καθάπερ
864 1230 949 1321 φλὸξ
967 1231 1102 1320 λαμπρά

85 1339 210 1424 ταχέως
237 1334 379 1426 ἀπέσβη,
410 1343 595 1426 μακαρίους
621 1344 724 1426 ἔγωγε
752 1335 838 1426 ὑμᾶς
864 1335 1102 1426 ὑπολαμβάνω.

43 1467 72 1508 10
87 1447 242 1532 τέταρτος
278 1443 430 1524 ἐνιαυτὸς
460 1442 525 1533 ἤδη
558 1443 769 1534 παρελίλυθε
800 1445 856 1514 καὶ
887 1443 955 1534 μὴν
988 1441 1102 1514 οὑτοσὶ

86 1554 198 1637 τρίτος
234 1547 284 1618 ἐπ’
316 1548 405 1643 αὐτῷ
442 1551 581 1639 σχεδόν,
617 1550 707 1633 ἐξότε
743 1556 973 1640 κεγωρίσμεθα
1009 1548 1104 1639 ἡμεῖς

87 1654 250 1743 ἀλλήλων.
296 1655 401 1745 ἡδέως
429 1655 460 1725 δ’
487 1653 530 1725 ἀν
553 1656 764 1748 ξέσκεψάμην,
797 1660 834 1726 ἐν
861 1656 968 1748 τούτῳ
996 1657 1104 1727 πόσον

87 1791 120 1830 τι
143 1763 402 1851 προεληλύθατε.
442 1762 482 1832 τά
507 1763 543 1831 δὲ
567 1761 644 1852 ἐμά,
668 1767 700 1841 εί
720 1764 775 1831 καὶ
798 1766 1013 1851 φθεγγοίμην
1031 1760 1104 1831 Ἑλ-

88 1876 234 1958 ληνιστί,
256 1870 441 1958 θαυμάζειν
464 1869 574 1951 ἀξιον·
607 1867 712 1949 οὕτως
735 1870 834 1958 ἐσμὲν
856 1871 1143 1959 ἐκβεβαρβαρω-(ῖ

45 2007 73 2047 15
88 1978 185 2064 μένοι
213 1977 270 2046 διά
292 1975 332 2046 τὰ
355 1982 469 2066 χωρία.
513 1974 558 2065 μὴ
581 1989 820 2064 καταφρονεῖτε
841 1979 909 2046 τῶν
932 1979 1150 2064 λογιδίων,ιοτ

80 2083 175 2171 ’μηδὲ
198 2081 344 2171 ἀμελεῖτε
368 2085 544 2173 ῥητορικῆς
565 2083 649 2171 μηδὲ
671 2086 733 2151 τοῦ
755 2082 938 2171 ποιήμασιν
959 2071 1103 2170 ὁμιλεῖν·

90 2195 174 2257 ἔστω
203 2190 240 2258 δὲ
262 2195 332 2258 τῶν
354 2189 564 2278 μαθημάτων
586 2190 754 2276 ἐπιμέλεια
775 2195 915 2276 πλείων,
939 2186 958 2260 ὁ,
982 2188 1020 2257 δὲ
1042 2192 1106 2269 πᾶς

89 2294 194 2375 πόνος
233 2300 302 2365 τῶν
334 2292 580 2384 Ἀριστοτέλους
617 2295 672 2362 καὶ
708 2293 892 2376 Πλάτωνος
929 2295 1106 2384 δογμάτων

90 2402 261 2490 ἐπιστήμη.
293 2405 392 2471 τοῦτο
416 2406 517 2489 ἔργον
540 2405 639 2487 ἔστω,
661 2404 760 2470 τοῦτο
782 2406 918 2490 κρηπίς,
940 2404 1106 2490 θεμέλιος,

46 2538 75 2578 εο
92 2513 284 2597 οἰκοδομία,
317 2510 431 2597 στέγη·
466 2499 570 2576 τάλλα
598 2507 636 2576 δὲ
657 2508 821 2597 πάρεργα,
854 2509 935 2596 μετὰ
957 2516 1149 2597 μείζονοςΙ)

92 2619 241 2703 σπονδῆς
276 2612 353 2704 παρ’
384 2612 480 2704 ὑμῶν
517 2612 753 2701 ἐπιτελούμενα
789 2610 811 2703 ἢ
847 2615 936 2703 παρά
967 2635 1035 2684 τισι
1066 2616 1107 2685 τὰ

91 2720 228 2808 ἀληθῶς
265 2729 354 2809 ἔργα.
400 2720 463 2813 ἐγὼ
501 2719 544 2808 νὴ
576 2719 637 2807 τὴν
670 2727 770 2790 θείαν
802 2727 914 2810 Δίκην
946 2719 1032 2811 ὑμᾶς
1062 2721 1107 2804 ὡς

91 2826 261 2915 ἀδελφοὺς
293 2831 403 2916 φιλῶν
434 2829 537 2896 ταῦτα
566 2823 648 2916 ὑμῖν
676 2827 911 2916 συμβουλεύω·
948 2829 1107 2916 γεγόνατε

91 2933 157 3022 γάρ
190 2960 247 3021 μοι
280 2935 502 3022 συμφοιτηταὶ
534 2935 590 3002 καὶ
621 2932 712 3002 πάνυ
744 2941 847 3021 φίλοι.
891 2939 922 3001 εἰ
947 2936 1016 3024 Ιμὲν
1044 2929 1107 3004 οὖν

50 3068 78 3110 25
93 3047 295 3128 πεισθείητε,
318 3042 421 3110 πλέον
439 3042 573 3128 στέρξω,
596 3037 820 3122 ἀπειθοῦντας
839 3041 877 3111 δὲ
896 3039 987 3133 ὅρων
1005 3043 1107 3130 λυπη-

166 3278 178 3324 1
198 3265 273 3343 ᾧπερ
292 3262 427 3340 Πτολε]
410 3291 481 3339 οπερ
517 3276 533 3326 5
552 3275 608 3327 ete
626 3265 673 3328 ίπλ
692 3270 834 3360 σχολῆς’
814 3268 1005 3343 ἀπραγμόνως
1023 3274 1107 3340 φιλο-

94 3361 151 3410 σοφ
155 3347 198 3394 εῖν
217 3343 316 3395 fluidas
333 3361 359 3394 v.
396 3336 478 3396 ἔκλα
496 3341 584 3428 ολῆς
638 3344 671 3394 12
688 3351 761 3423 σμεψ
739 3343 834 3410 ψαίμη
835 3345 871 3395 v?
932 3345 964 3394 13
982 3342 1107 3409 προυλη-

94 3363 251 3465 λόθατεΗ
309 3414 340 3464 13
358 3428 394 3462 τα
413 3407 447 3463 δδ
460 3358 534 3492 δ’
502 3429 522 3462 α
553 3429 587 3466 το
605 3403 671 3465 δὲ
672 3403 780 3479 udan.
816 3412 860 3463 ef.
878 3410 1055 3476 wnsspist.
1074 3412 1107 3462 59
1169 3402 1175 3413 '

93 3482 202 3560 p115
207 3478 290 3543 Heyl.
343 3480 375 3529 16
394 3408 547 3598 βητοριιιηη
565 3475 670 3559 Ph]
638 3497 690 3548 της
672 3429 861 3546 μὁητορικῆς
914 3481 946 3530 19
963 3470 1106 3546 δτιστήμη

93 3548 205 3601 Patavii
224 3552 267 3599 est
285 3549 444 3599 coniectura
460 3563 510 3615 pro
542 3539 700 3616 πιστήμης,
719 3545 879 3599 confirmata
896 3545 945 3598 illa
963 3561 980 3598 υ
997 3546 1040 3599 Ph
