2370 3908
107 161 167 225 126
408 161 553 213 IULIANI
570 160 821 213 ιιιεσειενοιιιε

103 295 318 377 τριακοσίους
350 290 572 377 Σπαρτιατῶν
604 288 659 356 καὶ
691 285 752 356 τὸν
784 288 921 375 βασιλέα
952 288 1029 377 περὶ
1060 285 1122 369 τάς

105 394 260 483 εἰσβολάς
286 399 344 483 τῆς
359 391 515 476 Ἑλλάδος
533 397 723 483 προέμενοι·
751 396 851 463 τοῦτο
866 388 1020 481 Ῥωμαῖοι
1038 402 1121 463 πολ-

105 502 197 582 λάκις
228 502 396 583 παθόντες
427 508 560 589 μείζονα
593 499 795 589 κατώρθουν
831 497 986 590 ὕστερον·
1028 495 1047 569 ὃ
1076 498 1120 589 δὴ

105 610 160 677 καί
180 606 336 695 βασιλεὺς
360 611 488 678 ἐννοῶν
510 608 566 676 καί
585 607 796 694 λογιζόμενος
815 603 971 694 οὐδαμῶς
989 605 1119 695 ἐσφάλη

104 717 162 802 τῆς
194 715 335 802 γνώμης.
385 711 458 784 ἀλλ’
492 717 624 803 ἐπείπερ
662 712 748 795 άπαξ
781 710 866 782 ἑτῶν
898 708 916 781 ό
954 713 1054 799 λόγος
1087 716 1149 795 ἐςτ

104 823 203 890 τοῦτο
232 819 371 908 ἀφῖκται
389 822 444 890 καὶ
463 819 525 909 τὴν
544 819 682 889 εὔνοιαν
709 823 769 889 τοῦ
796 820 950 909 πλήθους
975 821 1121 889 καὶτῶν

104 929 141 994 ἐν
167 929 251 996 τέλει
270 929 326 996 καὶ
353 931 421 997 τῶν
440 927 616 1015 φυλάκων,
645 931 739 1016 οἵπερ
763 925 805 1015 δὴ
826 925 1121 1015 ξυμφυλάττουσιν

105 1029 194 1125 αὐτῷ
236 1033 298 1122 τὴν
339 1033 445 1123 ἀρχὴν
486 1036 542 1102 καί
579 1031 777 1122 ἀπείργουσι
813 1030 893 1114 τοὺς
927 1038 1120 1121 πολεμίους,

64 1145 279 1227 ςδιηγεῐται·
321 1141 487 1228 βούλεσθε
527 1137 608 1228 ὑμῖν
646 1139 782 1231 ἐναργὲς
818 1148 899 1208 είπω
940 1136 1120 1230 τεκμήριον

104 1249 183 1332 χθές
215 1271 281 1314 που
313 1242 333 1334 ἢ
367 1248 422 1315 καὶ
453 1246 571 1339 πρῶην
604 1247 800 1334 γενόμενον;
838 1243 923 1334 ἀνὴρ
949 1248 1019 1315 τῶν
1051 1248 1120 1315 έπι-
1135 1272 1161 1312 ιο

103 1354 296 1440 ταχθέντων
324 1368 393 1434 τοῖς
420 1356 457 1421 ἐν
486 1360 631 1444 Γαλατίᾳ
660 1355 908 1442 στρατοπέδοις·
941 1361 1011 1421 ίστε
1039 1361 1120 1433 ίσως

103 1460 159 1528 καὶ
187 1456 337 1548 τοῦνομα
365 1462 420 1528 καί
447 1458 507 1529 τὸν
534 1459 673 1546 τρόπον·
702 1457 830 1548 ὅμηρον
849 1464 964 1546 φιλίας
982 1461 1038 1527 καὶ
1065 1466 1119 1527 πί-

104 1586 206 1646 στεως
238 1563 395 1656 ἀπέλιπεν
428 1563 530 1636 οὐδὲν
563 1567 709 1657 δεομένω
747 1572 880 1653 βασιλεῖ
907 1562 968 1634 τὸν
1000 1568 1119 1634 παῖδα·

104 1670 174 1740 εἶτα
201 1664 245 1760 ἦν
273 1669 487 1761 ἀπιστότερος
504 1675 572 1740 τῶν
590 1672 747 1759 λεόντων,
776 1666 827 1754 οἷς
845 1669 907 1741 οὐκ
925 1676 1005 1759 ἔστι,
1024 1673 1120 1760 φησί,

103 1776 186 1867 πρὸς
214 1776 341 1865 ἀνδρας
369 1776 542 1868 [Ὅμηρος]
573 1775 670 1867 όρκια
697 1778 808 1865 πιστά,
836 1774 991 1868 άρπάξων
1018 1805 1054 1847 τε
1083 1781 1159 1848 έκιι

59 1887 173 1960 ῡτῶν
200 1885 331 1952 πόλεων
358 1884 398 1953 τά
425 1886 576 1974 χρήματα
604 1886 659 1953 καὶ
692 1889 862 1974 διανέμων
888 1899 958 1966 τοῖς
985 1889 1120 1954 ἐπιοῦσι

103 1991 285 2079 βαρβάροις
307 1993 362 2060 καὶ
387 1989 496 2084 ῶσπερ
520 1991 624 2080 λύτρα
652 1990 951 2079 καταβαλλόμενος,
977 1989 1055 2072 ἐξὸν
1073 1995 1119 2085 τῷ

103 2098 229 2188 σιδήρῳ
257 2098 518 2187 παρασκευάζειν
546 2100 602 2166 καὶ
627 2095 669 2166 οὐ
687 2112 757 2177 τοῖς
774 2097 920 2188 χρήμασι
946 2108 1120 2167 ποιεῖσθαι

102 2201 164 2290 τὴν
191 2201 389 2291 ἀσφάλειαν·
419 2201 436 2274 ό
467 2205 504 2275 δέ
532 2208 681 2285 ἐκείνους
698 2199 843 2292 ὑπήγετο
863 2202 920 2272 διά
947 2206 1016 2272 τῶν
1039 2232 1119 2294 χρη-

102 2310 215 2396 μάτων
243 2317 290 2390 εἰς
318 2310 467 2381 εὔνοιαν·
495 2313 551 2380 καί
579 2313 672 2392 τέλος
690 2312 726 2380 ἐκ
753 2314 811 2398 τῆς
839 2314 1157 2397 γυναικωνίτιδοςιο

103 2412 303 2504 ἀνελόμενος
332 2414 493 2507 ἁλουργὲς
521 2418 652 2506 ίμάτιον
679 2427 808 2503 γελοῖος
832 2415 967 2506 άληθῶς
994 2417 1118 2508 τάρων-

102 2549 161 2602 νος
187 2524 243 2591 καὶ
270 2523 426 2612 τραγικὸς
454 2522 560 2604 όντως
587 2521 749 2612 ἀνεφάνη.
786 2527 936 2593 ένταῦθα
965 2529 1000 2593 οἱ
1017 2544 1117 2614 στρα-

101 2631 215 2696 τιῶται
242 2633 390 2715 χαλεπῶς
416 2630 477 2718 μὲν
505 2628 595 2718 εἶχον
613 2628 697 2719 πρὸς
720 2629 782 2719 τὴν
810 2628 977 2717 ἀπιστίαν,
1004 2634 1119 2719 θῆλυν

103 2733 140 2803 δὲ
177 2731 238 2821 οὐχ
274 2731 497 2823 ὑπομένοντες
533 2732 617 2825 όράν
658 2737 861 2806 ἐνδεδυκότα
897 2735 1020 2825 στολὴν
1057 2736 1118 2807 τὸν

48 2869 81 2915 ςς
102 2845 251 2910 δείλαιον
279 2845 470 2931 ἐπιθέμενοι
498 2843 755 2934 σπαράττουσιν,
784 2840 865 2913 οὐδὲ
892 2840 953 2912 τόν
980 2847 1039 2931 τῆς
1062 2865 1116 2913 σε·
1130 2870 1157 2913 ιι

185 3069 200 3115 9
224 3064 369 3132 διηγεῖται
391 3064 461 3131 VM]
487 3065 657 3132 διηγεῖσθαι
741 3070 770 3117 11
795 3071 856 3126 τοῖς
881 3083 932 3123 om.
954 3068 1013 3117 VM
1085 3072 1118 3119 14

100 3121 304 3209 ἀπιστότερος]
325 3123 440 3199 Ὅμηρα
471 3129 604 3194 δεδωκάς
633 3134 734 3200 φιλιάς
764 3128 949 3199 ἀπιστότερος
978 3132 1028 3186 καί
1058 3133 1117 3188 τῶν

90 3201 223 3317 ηρροντων
247 3193 360 3282 ἐγένετο
384 3201 497 3252 Stohaei
526 3202 642 3268 append.
666 3204 739 3284 Flof.
763 3220 788 3269 p.
809 3205 870 3263 184,
891 3206 905 3253 7
927 3202 1012 3254 Mein.
1043 3264 1051 3283 ι
1085 3206 1117 3285 l?

99 3284 229 3401 ιλίὲοθ
240 3269 512 3388 ᾱθῙἽέιῗλέέὲόλῗ·
523 3267 897 3405 νερθοῗλάίβῖὶέλῗὸἳ
914 3270 947 3388 2¹2
965 3284 1117 3406 '5332‘AE

99 3409 131 3456 23
161 3402 211 3455 καί
233 3403 454 3480 εσλυηχαλεπῶς
481 3406 564 3472 vulgo
593 3408 717 3458 additum
743 3406 846 3457 delevit
867 3407 957 3469 wytt.
989 3406 994 3471 Ι
1026 3399 1114 3492 πρὸς]

97 3471 206 3608 32]qu
238 3471 256 3607 Ι1
274 3469 456 3592 θηλννὲᾶῦῧ
460 3475 565 3591 ΒΙλίῖιωίμ.
583 3476 685 3526 Bacch.
702 3476 763 3532 822,
783 3477 846 3536 830,
864 3475 914 3525 846
986 3477 1019 3525 25
1042 3467 1116 3528 ου’δε

158 3557 225 3594 συτε
282 3557 367 3592 τονε
406 3579 413 3594 .
