2392 3960
261 166 408 219 IULIANI
426 164 677 219 IMPERATORIS
697 165 833 217 ORATIO
852 167 887 217 11.
1041 162 1083 227 63

145 292 305 384 Ἀτρείδη,
332 285 354 381 ή
383 290 426 383 άρ
453 320 484 361 τι
511 289 584 361 τόδ’
616 289 856 382 ἀμφοτέροισιν
884 289 998 382 άρειον

136 398 288 487 Ἕπλετο,
316 401 370 469 σοὶ
398 401 454 468 καὶ
482 401 566 487 ἐμοί,

8 553 12 571 ·
63 523 135 595 εἶτα
164 523 381 615 ἐπαρώμενον
404 525 443 612 τῇ
466 523 633 612 προφάσει
656 526 713 610 τῆς
737 519 914 610 ἀπεχθείας
941 525 996 592 καὶ
1020 520 1080 592 άπ-
1099 545 1125 599 Β

63 630 322 722 αριθμοάμενον
340 627 398 710 τὰς
417 631 454 698 ἐκ
472 632 530 717 τής
553 629 695 718 μήνιδος
722 630 906 720 ξυμφοράς,
933 628 992 699 τὸν
1020 637 1080 719 βα-

37 740 158 811 ισιλέα
191 736 229 806 δέ
261 735 461 824 αίτιωμενον
494 742 563 803 Δία
595 737 650 804 καὶ
683 742 819 825 Μοίρας
850 738 905 805 καὶ
936 733 1082 826 Ἐρινύν,

61 850 159 915 δοκεῖ
189 870 246 932 μοι
271 833 465 929 Ιδιδάσκειν,
503 839 613 930 ὥσπερ
645 845 682 910 ἐν
719 841 861 931 δράματι
897 857 967 922 τοῖς
999 868 1081 933 προ-

60 951 229 1038 κειμένοις
261 946 427 1040 ἀνδράσιν
459 943 534 1017 οἷου
571 947 677 1017 εἰκόσι
713 947 897 1038 χριόμενος,
935 945 986 1017 ὅτι
1017 948 1081 1039 χρὴ

60 1056 143 1138 τοὺς
175 1055 238 1144 μὲν
268 1056 424 1144 βασιλέας
456 1055 561 1143 μηδὲν
594 1052 690 1145 ὕβρει
727 1054 883 1146 πράττειν
920 1054 1004 1143 μηδέ
1040 1058 1081 1145 τή

62 1162 207 1250 δυνάμει
234 1160 316 1251 πρὸς
345 1159 434 1230 άπαν
457 1164 603 1251 χρῆσθαι
631 1160 714 1250 μηδὲ
738 1163 868 1249 ἐφιέναι
895 1164 941 1254 τῷ
968 1164 1081 1254 θυμῷ,

23 1302 48 1343 ιο
60 1268 216 1356 καθάπερ
257 1272 345 1360 ἵππω
383 1279 507 1358 θρασεῖ
540 1268 630 1356 χήτει
672 1271 811 1355 χαλινοῦ
848 1269 904 1336 καὶ
940 1264 1081 1356 ἡνιόχου

60 1376 254 1466 φερομένῳ,
282 1388 459 1464 παραινεῖν
487 1374 525 1442 δέ
557 1365 602 1442 αὖ
633 1388 703 1455 τοῖς
736 1390 932 1464 στρατηγοῖς
959 1369 1080 1464 ὑπερο-

60 1488 148 1561 ψίαν
174 1479 351 1569 βασιλικήν
378 1478 423 1569 μή
443 1485 686 1571 δυσχεραίνειν,
715 1482 831 1571 φέρειν
855 1480 891 1549 δὲ
916 1483 1119 1570 ἐγκρατῶςο

60 1589 119 1657 καί
146 1587 262 1678 πρᾴως
293 1585 351 1667 τάς
379 1586 593 1676 ἐπιτιμήσεις,
622 1591 679 1655 ἵνα
707 1585 750 1675 μὴ
779 1593 992 1675 μεταμελείας
1019 1584 1080 1655 αὐ-

61 1708 134 1774 τοῖς
161 1689 179 1762 ὁ
208 1699 282 1781 βίος
309 1691 426 1782 μεστὸς
452 1685 483 1782 ᾖ
523 1696 628 1762 ταῦτα
660 1690 733 1762 κατ’
764 1691 909 1781 ἐμαυτὸν
941 1695 1080 1780 ἐννοῶν,

23 1790 90 1873 ιιιῦ
123 1806 201 1887 φίλε
233 1803 385 1887 βασιλεῦ,
418 1801 473 1868 καὶ
506 1799 543 1869 σὲ
575 1799 636 1888 μὲν
669 1795 759 1890 ὁρῶν
791 1802 843 1868 ἐπὶ
876 1802 944 1867 τῶν
972 1805 1080 1888 έργων

60 1904 126 1994 τήν
149 1902 332 1996 Ὁμηρικήν
359 1911 516 1975 παιδείαν
535 1905 808 1995 ἐπιδεικνύμενον
835 1907 891 1975 καὶ
920 1907 1080 1974 ἐθέλοντα

60 2013 197 2094 πάντως
223 2016 321 2102 κοινή
347 2040 381 2081 τε
410 2010 557 2093 ἅπαντας
585 2010 719 2099 ἀγαθόν
745 2040 777 2080 τι
805 2015 906 2102 δρᾶν,
935 2007 1014 2099 ήμῖυ
1043 2010 1080 2079 δέ

63 2124 135 2210 ἰδίη
162 2116 259 2206 τιμάς
275 2121 331 2188 καὶ
351 2120 432 2209 γέρα
451 2116 532 2188 άλλα
560 2116 611 2187 ἐπ’
642 2115 753 2198 άλλοις
776 2117 1079 2208 παρασκευάζοντα,

11 2288 13 2293 .
61 2224 213 2316 τοσοάτφ
241 2224 279 2293 δέ
311 2224 403 2314 οἶμαι
434 2231 606 2316 κρείττονα
637 2227 700 2293 τοῦ
725 2227 793 2292 τῶν
818 2220 986 2311 Ἑλλήνων
1019 2230 1078 2309 βα-

25 2333 181 2412 ιισιλέως
216 2328 303 2400 εἶναι
340 2333 516 2417 ἐθέλοντα,
554 2329 638 2401 ὥστε
675 2327 692 2400 ὁ
730 2329 791 2419 μέν
832 2327 964 2418 ήτίμαζε
1000 2329 1080 2410 τοὺς

62 2434 232 2525 άρίστους,
261 2435 304 2507 σύ
332 2438 370 2506 δέ
398 2436 490 2527 οἶμαι
517 2439 573 2506 καὶ
592 2440 659 2506 τῶν
688 2438 829 2525 φαύλων
856 2445 992 2516 πολλοῖς
1015 2434 1079 2524 τήν

62 2543 270 2631 συγγνώμην
297 2546 417 2633 νέμεις,
445 2542 505 2613 τὸν
523 2542 690 2613 Πιττακὸν
710 2546 857 2613 ἐπαινῶν
875 2545 937 2612 τοῦ
964 2542 1079 2630 λόγου,
1097 2561 1122 2615 D

62 2645 99 2731 ὃς
131 2647 194 2738 τήν
227 2650 430 2740 συγγνώμην
462 2654 520 2739 τῆς
547 2657 706 2740 τιμωρίας
738 2657 930 2741 προυτίθει,
962 2655 1079 2738 αίσχυ-

62 2762 185 2843 νοίμην
217 2754 275 2844 άν,
313 2763 344 2825 εί
379 2755 423 2846 μή
460 2760 521 2826 τοῦ
557 2760 696 2845 Πηλέως
732 2764 917 2845 φαινοίμην
954 2752 1078 2841 εὐγνω-

11 2844 51 2933 'n
63 2864 261 2952 μονέστερος
291 2866 346 2932 καὶ
380 2866 557 2952 ἐπαινοίην
588 2869 636 2944 είς
668 2863 814 2953 δύναμιν
841 2861 882 2931 τά
908 2862 1078 2951 προσόντα

63 2989 131 3056 σοι,
165 2965 240 3038 οὔτι
271 2972 358 3058 φημὶ
389 2969 516 3059 χρυσὸν
547 2972 603 3039 καὶ
632 2966 779 3060 άλουργή
809 2979 964 3059 χλαῖναν,
998 2965 1078 3036 οὐδὲ

12 3150 16 3237 η
131 3124 632 3258 11411ει1.τ,δδ1η;τ’ὶάρτόδ’ρΜ
686 3141 716 3257 ὅ2
732 3133 841 3257 ἔπλεξε
859 3133 904 3254 σΙοΙλ
922 3125 1078 3253 Ῡχέπλετό

12 3242 16 3343 δ
63 3218 156 3323 mum
173 3204 414 3325 verivffiffiut
424 3204 652 3354 lpasssswgssod
672 3274 744 3339 apud
758 3202 910 3324 Ἡδέάετιιιά
928 3219 1078 3323 νερλέλνδέὶ

65 3342 152 3421 χίλια,
177 3346 226 3390 aut
244 3337 352 3421 Εριγῦς
420 3344 436 3393 9
459 3357 529 3405 προς
548 3334 626 3418 άπαγ
644 3339 773 3408 χρῆσθαι
791 3338 827 3407 V]
854 3339 983 3407 χρῆσθαι
1006 3334 1079 3402 πρὸς

65 3424 142 3461 am
213 3411 244 3458 11
268 3413 368 3470 αυτοῖς
385 3412 410 3461 V
480 3413 511 3462 17
533 3426 618 3477 κοινη
641 3426 672 3461 τε
694 3410 800 3476 legitur
825 3411 908 3459 etiam
928 3407 1024 3466 157D3
1048 3410 1078 3454 at

65 3482 177 3542 utroque
199 3474 262 3529 Ιοοο
284 3482 411 3543 praestat
434 3474 517 3544 κοινῇ
538 3475 601 3613 ρέα.
631 3477 667 3528 cf.
689 3479 758 3530 431)
781 3477 850 3527 511)
919 3478 952 3525 24
975 3467 1011 3525 άν
1035 3467 1076 3536 Η]

66 3540 92 3597 δ’
111 3546 145 3608 V,
164 3540 199 3598 δέ
217 3560 245 3610 ν,
263 3560 316 3596 om.
334 3545 363 3595 M
432 3548 465 3597 25
487 3542 536 3597 καλ
569 3542 644 3612 μηδὲ
661 3546 689 3595 Η
