2370 3908
121 155 182 221 150
419 157 562 208 ιυιιιαι
584 155 828 208 ιαεεοενοευε

120 307 179 354 σεν
207 276 330 372 ἀγαθοί,
359 285 471 366 ξενίαν
491 283 528 351 δὲ
547 281 612 374 ὅτῳ
636 281 719 372 πρὸς
737 280 816 364 τοῦς
835 285 963 371 ἐκείνης
990 284 1131 374 πατέρας

119 388 315 481 ῦπύρξασαν
343 396 444 477 ἔγνω,
478 387 540 459 ούκ
572 387 739 477 ἀνόνητον
771 388 879 478 ἀφῆκε
910 405 980 471 τοῖς
1011 412 1131 480 κτησα-

120 501 241 585 μένοις,
269 501 345 589 τιμᾷ
366 498 402 567 δέ
421 495 586 584 οἶμαικαὶ
613 495 754 577 τούτους
772 496 924 587 καθάπερ
952 498 1131 584 ξυγγενεῖς,

119 606 174 673 καὶ
203 602 304 685 ὅσους
327 607 388 673 τοῦ
406 602 530 693 πατρὸς
558 603 690 691 ἐνόμισε
714 609 845 690 φίλους,
872 600 998 672 ἅπασιν
1025 610 1132 693 ἔνειμε

74 714 177 798 Βτῆς
210 717 323 798 φιλίας
354 717 485 780 ἔπαθλα
516 709 704 799 θαυμαστά.
750 707 814 795 ἐγιδ
847 711 899 797 δέ,
932 710 1045 799 ἐπειδή
1077 737 1157 801 μοιε

119 825 306 908 τεκμηρίων
337 817 490 907 καθάπερ
523 820 560 885 ἐν
592 822 795 907 δικαστηρίῳ
832 816 893 885 τὸν
928 815 1033 903 λόγον
1066 814 1133 907 ὁρῦ

120 925 291 1013 δεόμενον,
320 922 420 1006 αὐτὸς
446 920 528 1012 ὑμῖν
556 921 702 1010 ἐμαυτὸν
728 922 858 991 τούτων
885 925 1023 992 ἐκείνων
1051 924 1134 1013 μόρ-

118 1058 203 1121 τυρα
235 1033 290 1100 καὶ
323 1031 498 1117 ἐπαινέτην
529 1031 723 1118 παρέξομαι
762 1026 833 1098 ἀλλ’
868 1026 958 1110 ὅπως
989 1057 1057 1118 μου
1089 1031 1134 1119 μή

118 1161 197 1205 ποτε
224 1134 421 1225 ύπιδόμενοι
447 1134 509 1223 την
537 1141 725 1225 μαρτυρίαν
747 1137 828 1225 πρὶν
855 1138 1039 1204 ἐπακοῦσαι
1066 1140 1135 1205 τῶν

119 1242 229 1330 λόγων
248 1243 525 1332 διαταράττησδε,
553 1239 678 1330 ῦμνυμι
697 1237 790 1331 ύμῖν,
818 1237 863 1324 ὡς
881 1239 984 1311 οὐδὲν
1007 1246 1135 1326 ψεῦδος
1148 1271 1172 1311 ιο

120 1346 199 1419 οῦδὲ
227 1349 360 1437 πλάσμα
389 1351 466 1438 ἐροῦ·
495 1344 588 1436 ὑμεῖς
618 1348 654 1417 δὲ
673 1350 729 1416 καλ
753 1346 915 1440 ἀνωμότῳ
943 1349 1135 1419 πιστεύσετε

68 1456 258 1557 ιιιπόντως
287 1453 329 1525 οῦ
360 1462 534 1536 κολακείας
566 1458 662 1523 ἔνεκα
694 1457 833 1541 λέγοντι.
879 1461 943 1542 ἔχω
974 1454 1040 1545 γὰρ
1068 1454 1135 1545 ἤδη

118 1566 180 1631 τοῦ
215 1566 300 1632 θεοῦ
337 1562 493 1643 διδόντος
533 1564 589 1630 καὶ
625 1565 687 1630 τοῦ
723 1564 885 1648 βασιλέως
926 1559 1057 1631 ἅπαντα
1093 1561 1136 1632 τδι

119 1666 248 1755 ἀγαθοί,
281 1666 388 1736 αὐτοῦ
418 1695 453 1737 τε
486 1666 578 1755 οἶμαι
610 1670 666 1736 καὶ
698 1665 802 1756 αύτῆς
833 1667 955 1756 ταύτης
988 1670 1135 1760 ξυμπρο-

117 1776 350 1863 θυμουμένης,
391 1771 475 1864 ὑπὲρ
514 1766 562 1842 τόν
603 1772 646 1843 όίν
682 1801 731 1856 τις
771 1775 964 1845 κολακεύων
1002 1773 1136 1846 ἅπαντα
1150 1802 1175 1845 ιι

118 1877 219 1969 ιἰφείη
257 1882 401 1971 ῥήματα,
439 1878 536 1968 ιόστε,
575 1888 606 1950 εί
641 1881 702 1969 μὲν
737 1881 802 1971 πρὸ
839 1882 968 1952 τούτων
1005 1889 1136 1972 ἔλεγον,

118 1997 198 2069 ἴσως
231 1991 331 2078 ἐχρῆν
363 1985 528 2078 ὀρρωδεῖν
558 1987 621 2077 τὴν
653 1986 773 2057 ῦδικον
800 1985 963 2072 ὑποψίαν·
997 1992 1063 2058 νῦν
1096 1992 1135 2060 δὲ

118 2097 155 2163 ἐν
182 2096 286 2184 ταύτη
313 2093 461 2183 γεγονὼς
486 2098 527 2184 τῇ
554 2095 636 2184 τύχη
664 2098 720 2163 καὶ
748 2092 1037 2184 ἀπομνημονεύων
1064 2101 1137 2167 τῶν

118 2204 246 2290 ἐκείνης
278 2208 324 2283 είς
356 2200 501 2291 ἐμαυτὸν
533 2207 642 2291 ἔργων
673 2199 854 2292 παρέξομαι
886 2198 968 2290 ύμῖν
1005 2200 1135 2289 εῦγνω-

118 2308 266 2396 μοσύνης
293 2337 354 2397 μεν
382 2312 529 2398 ἐμαυτοῦ
556 2323 705 2396 σημεῖον,
733 2309 919 2399 μαρτύριον
942 2308 980 2378 δὲ
1008 2306 1175 2399 ἆληδέςει

78 2432 187 2484 Βτων
220 2419 348 2503 ἐκείνης
384 2421 501 2505 ἔργων.
547 2415 765 2504 πυνθάνομαι
797 2413 860 2506 γὰρ
898 2415 940 2504 δὴ
972 2418 1028 2486 καὶ
1061 2428 1136 2487 Δα-

118 2535 221 2610 ρεῖον,
250 2525 312 2602 ἔως
339 2528 386 2590 ἔτι
414 2513 655 2657 δορυφόρος
634 2551 677 2611 ην
699 2525 761 2591 τοῦ
779 2525 922 2614 Περσων
950 2523 1136 2614 μονάρχου,

117 2654 163 2720 τφ
192 2635 311 2720 Σαμιφ
340 2629 422 2720 ξένῳ
450 2630 525 2719 περὶ
553 2627 615 2718 τὴν
634 2639 810 2715 Αίγυπτον
838 2637 1022 2718 συμβαλεῖν
1050 2633 1136 2718 φεύ-

117 2759 211 2821 γοντι
238 2733 300 2822 τὴν
329 2731 446 2822 αὑτοῦ,
474 2737 529 2803 καὶ
548 2736 694 2824 λαβόντα
713 2741 886 2823 φοινικίδα
904 2734 980 2805 τινὰ
1008 2741 1134 2828 δῶρον,

202 2997 217 3043 2
241 3011 386 3078 ανονητον
402 2987 512 3061 VM]
495 2988 620 3059 ανόητον
706 2998 721 3046 7
732 2989 875 3075 ἐκείνων]
902 2991 1003 3049 ἐκείνω
1021 2995 1124 3081 [se.
1094 2998 1136 3051 τῶ

119 3052 203 3129 λόγῳ)
222 3063 261 3125 Η,
286 3054 437 3114 ίκανὸνΒ.
456 3062 615 3112 Friederich
685 3055 896 3143 δόπιδόμενοι
916 3048 994 3132 Θου]
1014 3051 1138 3120 νπειδό·

118 3145 199 3193 μενοι
272 3133 302 3178 10
325 3123 561 3212 διαταράττησθε
584 3127 618 3211 VJ
643 3124 888 3212 διαταράττοισθε
963 3136 995 3184 11
1018 3133 1138 3189 πιστεύ·

119 3198 238 3276 πατεῖ,
266 3188 321 3247 κδν
340 3191 478 3275 ηἲνωμότῳ
496 3191 681 3249 ἐπιστεύσατε
699 3195 846 3250 πόντα-
866 3196 959 3266 λέγειν
978 3201 1045 3254 Oob.
1101 3207 1135 3257 12

118 3257 232 3324 πάντως
251 3262 284 3330 V]
308 3257 405 3317 πόντοι
475 3268 507 3315 14
531 3258 621 3317 αὐτοῦ
631 3263 679 3346 τε]
703 3262 794 3334 αὐτῆς
812 3284 842 3318 τε
859 3268 884 3318 V
917 3267 922 3332 Ι
953 3261 1061 3348 ταύτης
1080 3287 1133 3327 om

119 3333 154 3386 M
186 3332 367 3383 scribendum
386 3335 452 3383 mihi
474 3333 583 3384 videtur
602 3325 691 3401 αὐτῆς
714 3353 746 3402 γε
765 3331 844 3422 οἶμαι
868 3333 919 3387 καὶ
938 3331 1046 3402 ταύτης
1066 3337 1137 3408 ξυμ-

119 3395 392 3536 ῗίίῗίίίίλελέν]
414 3404 466 3535 ,ἐξ
485 3392 1042 3540 ἔλλλμλελληέἔ]ἔφλλλίέίέίίλ]
1065 3411 1137 3544 ειῖί

119 3536 219 3601 βαλεῖν
288 3541 321 3590 24
340 3537 447 3590 σαυτοῦ
466 3538 525 3590 VM
