2392 3960
369 180 575 232 EPISTOLAE
592 182 634 232 ιι.
653 183 694 236 ιι.
711 183 754 233 ιο.
773 184 815 236 ιε.
1037 179 1100 244 549

83 321 206 394 εικείας
241 316 297 383 καὶ
333 321 410 401 βίου
446 315 670 403 σωφροσύνης
705 313 896 404 συμφώνως
925 315 1011 404 πρὸς
1037 315 1102 403 τὴν

81 425 206 508 τέχνην
243 427 349 509 ἔχειν,
385 425 450 490 νῦν
487 422 524 490 δὲ
555 426 727 510 προσῆλθε
756 421 795 492 τὸ
826 423 1011 511 κεφάλαιον
1041 426 1102 511 τῆς
1142 459 1147 465 ·

83 534 283 615 μαρτυρίας·
323 526 386 615 τὴν
416 531 485 596 τῶν
508 525 753 616 Ἀλεξανδρέων
784 529 883 598 πόλιν
913 528 1008 598 ἀπὼν
1035 530 1143 597 έπι·Β

84 636 239 723 στρέφεις
266 639 313 714 είς
340 633 497 703 σεαυτόν·
527 638 692 704 τοσοῦτον
722 631 806 724 αὐτῇ
828 637 970 723 κέντρον
992 634 1102 722 ὥσπερ

53 744 219 830 εμέλιττα
245 743 490 821 καταλέλοιπας.
536 740 685 821 εἰκότως·
721 744 830 821 καλῶς
857 740 921 829 μάρ
944 745 1102 830 είρησθαι

82 851 141 916 καὶ
160 847 290 937 Ὁμήρῳ
314 852 409 916 δοκεῖ
428 847 465 916 τὸ

175 949 236 1033 Εἷς
259 953 373 1041 ίητρός
395 951 481 1042 ἀνὴρ
503 957 638 1022 πολλῶν
661 950 815 1035 ἀντάξιος
838 953 960 1024 ἀλλων.
990 1022 992 1025 ,

85 1060 130 1129 σὺ
162 1061 200 1129 δὲ
228 1058 289 1128 οὐκ
317 1059 430 1147 ίατρὸς
457 1057 581 1147 ἀπλῶς,
618 1056 701 1128 ἀλλά
727 1060 782 1127 καὶ
810 1060 1012 1140 διδάσκαλος
1033 1073 1104 1138 τοῖς

85 1168 306 1254 βουλομένοις
336 1169 395 1253 τῆς
425 1167 556 1252 τέχνης,
593 1162 678 1233 ὥστε
709 1163 831 1252 σχεδὸν
863 1161 882 1235 δ
914 1165 997 1253 πρὸς
1025 1164 1104 1246 τοὺς
1151 1168 1165 1195 ⁸

36 1299 70 1337 ιο
85 1275 231 1352 πολλούς
258 1277 345 1341 είσιν
372 1275 408 1340 οί
433 1276 556 1358 ίατροί,
586 1273 687 1338 τοῦτο
711 1272 851 1352 ἐκείνοις
874 1271 926 1341 σύ.
970 1270 1143 1340 λύειδέῦ

86 1400 142 1446 σοι
169 1377 231 1466 τὴν
258 1378 372 1465 φυγὴν
393 1378 448 1445 καὶ
471 1375 492 1464 ἡ
515 1375 684 1463 πρόφασις
705 1374 804 1465 αὐτή,
830 1378 887 1446 καλ
910 1374 998 1464 μάλα
1021 1385 1102 1464 λαμ·
1117 1401 1144 1444 ετ

86 1488 187 1571 πρῶς.
211 1489 241 1552 εί
261 1483 326 1571 γὰρ
345 1482 402 1551 διά
415 1481 587 1572 Γεωργιον
605 1485 761 1572 μετέστης
776 1480 1103 1570 τῆςἏλεξανδρείας,

87 1588 131 1659 οὐ
160 1594 295 1670 δικαίως
322 1591 491 1678 μετέστης,
527 1590 582 1657 καὶ
609 1588 802 1659 δικαιότατα
829 1585 873 1663 ἀν
900 1588 1006 1658 ὀπίσω
1028 1598 1104 1659 κατ-

86 1700 210 1776 έλθοις.
244 1697 358 1764 κάτιθι
380 1702 499 1764 τοίνυν
522 1697 669 1782 ἐπίτιμος
691 1696 747 1763 καὶ
768 1679 807 1764 τά
830 1695 995 1784 πρότερον
1013 1700 1104 1782 έχων

40 1835 71 1874 15
87 1800 232 1889 ἀξίωμα,
265 1796 320 1870 καὶ
347 1799 428 1889 ἡμῖν
455 1799 554 1888 κοινὴ
580 1799 658 1890 παρ’
684 1797 885 1889 ἀμφοτέροις
907 1801 1002 1888 χάρις
1024 1798 1104 1870 ἀπο-

87 1916 230 1993 κείσθω,
251 1905 499 1995 Ἀλεξανδρεῦσι
522 1907 584 1994 μέν
607 1905 766 1994 Ζήνωνα,
790 1907 844 1975 σοί
868 1906 905 1975 δὲ
928 1905 1103 1977 ἀποδοῦσα

87 2015 152 2103 τὴν
172 2013 432 2102 Ἀλεξάνδρειαν.
805 2038 806 2043 ’

417 2227 421 2233 ’
446 2243 508 2330 μς’.
554 2239 748 2334 Εὐαργίφ.

181 2390 445 2473 Συγκτησείδιον
468 2384 589 2472 μικρὸν
612 2381 726 2472 ἀγρῶν
746 2382 912 2470 τεττάρωυ
925 2385 1106 2453 δοθέντων

45 2509 73 2565 2'0
90 2519 149 2580 μοι
181 2491 269 2578 παρὰ
296 2495 354 2579 τῆς
380 2489 488 2578 τήθης
517 2492 554 2558 έν
580 2494 620 2579 τῇ
643 2495 793 2579 βιθυνίηι
820 2492 860 2579 τῇ
888 2492 930 2579 σῇ
954 2490 1105 2559 διαθέσει

91 2603 205 2686 δῶρον
232 2602 371 2685 δίδωμι,
404 2602 540 2665 ἔλαττον
568 2597 630 2683 μὲν
657 2592 678 2683 ἢ
706 2594 790 2664 ὥστε
813 2595 923 2683 ἀνδρα
946 2601 994 2676 είς
1015 2621 1104 2687 περι-

91 2711 213 2774 ουσίαν
236 2701 360 2790 ὀνῆσαί
378 2731 409 2772 τι
432 2705 516 2792 μέγα
537 2704 593 2772 καὶ
617 2696 796 2790 ἀποφῆναι
812 2700 944 2792 ὄλβιον,
966 2708 1044 2790 ἔχον
1067 2702 1157 2773 δέεαι

91 2805 172 2880 οὐδὲ
205 2807 250 2889 ὣς
280 2809 490 2879 παντάπασιν
522 2807 645 2900 ἀτερπῆ
677 2809 740 2899 τὴν
773 2809 887 2896 δόσιν,
924 2819 958 2878 εί
985 2830 1040 2879 σοι
1065 2808 1106 2877 τά

162 2994 174 3041 1
195 2990 261 3058 βίον
280 2983 428 3056 σώφρονος
446 2991 507 3041 Bar.
539 2992 555 3042 ὁ
573 2983 817 3057 έηκαταλὲλοιπας
829 2988 974 3054 wyttenb.
986 2989 1021 3040 ad
1032 2989 1107 3041 Plut.

89 3057 400 3122 προπίοιμι
474 3049 548 3111 τιὸ
569 3058 628 3114 ιω
647 3058 689 3108 Pk
763 3057 885 3110 τοίω.
905 3058 935 3121 ι,
953 3058 1006 3110 ιιι
1074 3060 1106 3107 ιο

77 3118 237 3192 -Γεάρηιον
250 3123 322 3190 Ban]
343 3124 488 3204 Γεωρηίας
524 3128 556 3178 15
572 3121 643 3193 παρ’
661 3115 1053 3193 ἀμφοτέροις-ἀποκείσθω
1064 3122 1104 3190 Η]

89 3187 163 3260 πρὸς
181 3186 587 3259 ἀμφοτέρους-ἀνακείσθω
631 3190 643 3213 ¹
657 3195 689 3244 18
707 3183 843 3261 Εὖαηρίφ
867 3191 987 3244 additum
1006 3208 1021 3243 ο
1039 3191 1106 3242 GPh

91 3267 124 3313 19
144 3260 348 3327 ουηκτηοίδιον
365 3258 404 3325 G,
433 3251 469 3313 οά
487 3259 656 3329 κτησείδιου
673 3277 706 3324 τ,
735 3258 939 3328 υγκτησείδιον
957 3261 1014 3324 Pk,
1036 3276 1104 3326 κτη-

91 3327 203 3382 οείδιον
221 3330 262 3379 Ph
277 3329 282 3395 Ι
299 3321 449 3380 δοθέντων
467 3344 516 3396 μοι
535 3332 597 3382 Bar.
615 3326 668 3394 Ph]
686 3320 854 3382 δοκούντων
872 3320 969 3394 λαβών
986 3342 1017 3387 τ,
1041 3319 1110 3399 ἐμοὶ,

91 3399 204 3458 (omisso
222 3392 385 3458 δοθέντων)
404 3397 429 3448 G
447 3396 540 3449 ottob.
558 3400 592 3448 90
659 3399 694 3448 20
716 3394 820 3464 τίτθης
837 3395 879 3446 Ph
947 3396 980 3446 22
998 3387 1105 3461 ὀνῆσαι

90 3462 252 3586 Ηρέξοὲὶἐιε]
267 3457 407 3547 έννοῇσαι
439 3464 443 3530 Ι
477 3460 522 3531 δὲ]
546 3453 576 3517 δ’
596 3451 632 3516 ἀν
651 3465 739 3517 Hreh.
809 3466 842 3516 23
865 3454 931 3516 οὐδ’
951 3450 989 3523 ὃς
1005 3458 1104 3529 Hrch.]

91 3550 127 3585 ου
227 3551 293 3596 ,ως
311 3548 381 3584 ουν
707 3564 712 3573 ·
