2370 3908
103 153 164 218 124
404 157 547 207 111lele
568 153 817 206 IMPERATORIS

100 287 238 352 τοιαῦτα
271 284 399 372 ῥήματα
436 286 573 371 μισοῦσι
605 285 732 370 μάλλον
764 277 785 369 ἢ
817 278 896 362 τοὺς
933 279 1122 367 ἐπάγοντας

56 389 161 463 Βτὸν
194 394 335 478 σίδηρον
366 391 422 459 καὶ
454 389 736 477 ἐπιβουλεύοντας
768 388 893 476 φόνον,
930 386 1122 476 διαφόρους

102 523 136 564 τε
164 492 278 576 αὑτοῖς
305 491 583 584 ὑπολαμβάνουσι
612 495 713 583 φύσει
740 496 796 564 καὶ
821 491 862 563 οὐ
889 493 994 585 νόμφ,
1022 502 1058 562 εί
1081 521 1120 581 γε

103 606 138 671 οί
163 602 224 689 μὲν
252 604 392 671 ἐπαίνου
421 605 474 671 καλ
503 605 599 690 τιμῆς
628 604 765 690 ἐρῶσιν,
794 606 829 670 oc
854 600 891 670 δὲ
919 596 961 669 οὗ
988 598 1121 670 τούτων

102 708 209 795 μόνον
237 706 473 797 ἀφαιροῦνται,
502 705 584 777 άλλά
603 709 659 777 καὶ
678 704 729 776 ἐπ’
759 703 876 788 αὐτοῖς
902 709 1149 795 μηχανάνταιε

102 821 315 904 βλασφημίας
342 820 486 896 ψευδεῖς.
531 814 653 883 τούτου
681 815 737 882 καὶ
761 809 923 902 Ἡρακλέα
951 813 1035 900 φασὶ
1063 815 1121 883 καὶ

103 918 224 1002 άλλους
262 924 302 990 δέ
335 949 430 1003 τινας
461 919 647 1010 ἀκράτορας
682 923 743 989 τοῦ
779 919 914 1001 πάθους
951 919 1122 1005 γενέσθαι.

103 1024 167 1113 ἐγὼ
196 1027 233 1095 δὲ
266 1025 342 1096 οὔτε
374 1029 449 1117 περὶ
482 1030 621 1095 ἐκείνων
652 1029 698 1118 τῷ
732 1027 820 1119 λόγῳ
853 1032 1030 1114 πείθομαι,
1064 1027 1121 1096 καὶ

103 1136 241 1219 βασιλεά
278 1135 437 1220 τεθέαμαι
473 1133 608 1221 σφόδρα
645 1135 810 1222 ἐγκρατῶς
846 1131 907 1220 τὴν
944 1136 1121 1223 λοιδορίαν

50 1265 83 1312 97
103 1239 325 1327 τρεψάμενον,
359 1237 433 1308 οὔτι
460 1238 671 1327 φαυλότερον
698 1245 809 1329 ἔργον,
838 1234 882 1320 ὡς
910 1235 974 1327 ἐγω
1002 1245 1120 1328 κρίνω,
1135 1270 1159 1309 ιο

101 1349 163 1413 τοῦ
194 1351 319 1434 Τροίαν
347 1347 434 1413 ἑλεῖν
461 1347 517 1414 καὶ
551 1346 708 1433 φάλαγγα
735 1352 896 1432 γενναίαν
922 1346 1121 1432 τρέψασθαι.

102 1455 133 1518 εί
164 1450 201 1519 δὲ
238 1447 371 1520 άπιστεῖ
404 1479 454 1532 τις
489 1453 544 1520 καὶ
578 1449 620 1521 οὐ
652 1453 736 1541 μέγα
769 1461 872 1522 οίεται
905 1448 986 1520 οὐδὲ
1022 1449 1120 1533 άξιον

102 1558 249 1625 ἐπαίνων
281 1558 467 1644 τοσούτων,
496 1560 529 1639 ές
556 1554 662 1627 αὑτὸν
690 1555 846 1647 άφορων,
879 1555 960 1627 ὅταν
988 1564 1026 1627 έν
1053 1586 1121 1628 τινι

101 1663 239 1751 τοιαύτη
277 1665 432 1754 ξυμφορᾷ
474 1666 624 1751 γένηται,
661 1665 815 1753 κρινέτω,
852 1666 909 1733 καὶ
945 1660 1036 1757 αὐτῷ
1075 1663 1118 1734 οό

103 1769 237 1857 σφόδρα
264 1778 380 1858 ληρεῖν
408 1769 559 1858 δόξομεν,
588 1766 632 1851 ὡς
660 1769 725 1858 ἐγω
752 1777 921 1859 πείθομαι.
966 1774 1120 1854 τοιοῦτος
1134 1800 1157 1841 ιε

103 1875 140 1944 δὲ
168 1871 217 1943 όν
244 1877 299 1944 καὶ
327 1876 506 1964 γενόμενος
524 1875 681 1964 βασιλεὺς
708 1876 788 1965 μετά
814 1875 876 1947 τόν
903 1877 1050 1965 πόλεμον
1075 1884 1119 1948 εί-

102 1981 207 2062 κότως
235 1979 277 2051 οὐ
304 1983 412 2070 μόνον
440 1984 509 2051 ἐστὶ
535 1982 695 2065 ποθεινός
717 1999 787 2065 τοῖς
814 1991 926 2072 φίλοις
953 1985 1009 2053 καὶ
1037 1981 1119 2072 άγα-

61 2106 84 2159 Β
102 2089 215 2175 πητός,
242 2092 365 2177 πολλῆς
384 2089 445 2178 μὲν
463 2093 559 2178 τιμῆς
576 2091 632 2158 καὶ
652 2091 826 2178 δυνάμεως
848 2092 904 2159 καὶ
931 2098 1120 2179 παρρησίας

29 2187 33 2193 ’
102 2196 315 2282 μεταδιδούς,
348 2195 497 2285 χρήματα
526 2199 566 2264 δέ
591 2193 708 2277 αὐτοῖς
736 2194 876 2283 άφδονα
903 2197 1119 2286 χαριζόμενος

101 2302 156 2368 καὶ
184 2305 329 2390 χρῆσθαι
357 2300 448 2383 ὅπως
465 2330 514 2384 τις
533 2301 689 2390 βούλεται
707 2306 753 2395 τῷ
772 2303 905 2395 πλοότφ
926 2305 1118 2395 ξυγχωρεῖν,
1132 2333 1156 2372 ω

102 2404 185 2475 άλλὰ
213 2410 268 2476 καὶ
296 2423 366 2489 τοῖς
398 2415 568 2497 πολεμίοις
596 2412 748 2490 τοιοῦτος
776 2410 892 2479 ἐδόκει.
938 2411 1118 2502 τεκμήριον

103 2513 140 2581 δὲ
168 2510 249 2600 ὑμῖν
281 2515 427 2601 ἐμφανές
458 2516 513 2584 καὶ
540 2518 641 2584 τοῦδε
673 2518 857 2604 γιγνέσθω·
890 2513 1026 2605 άνδρες,
1059 2521 1119 2607 τῆς

101 2626 279 2707 γερουσίας
316 2617 429 2709 ὅτιπερ
462 2618 598 2708 όφελος,
636 2619 768 2703 άξιεόσει
805 2624 861 2692 καὶ
892 2623 1026 2717 πλοότφ
1059 2627 1116 2695 καὶ

101 2727 231 2805 ξυνέσει
268 2728 486 2815 διαφέροντες
521 2731 590 2796 των
627 2726 752 2817 άλλων,
791 2727 901 2819 ὥσπερ
934 2732 967 2810 ές
1000 2733 1117 2819 λιμένα

100 2831 368 2920 καταφεύγοντες
394 2831 457 2921 τὴν
483 2834 607 2903 τούτου
628 2835 750 2923 δεξιάν,
779 2838 888 2918 ἑστίας
905 2863 940 2905 τε
963 2837 1117 2920 λιπόντες
1131 2866 1154 2907 ω

62 2940 155 3010 cua]
184 2947 298 3020 οίκους
329 2941 385 3008 καὶ
412 2946 534 3022 παῖδας
561 2947 731 3011 Παιονίαν
762 2943 824 3031 μὲν
852 2940 925 3012 άντλ
958 2947 1017 3033 τῆς
1040 2941 1117 3015 Ῥοί-

168 3195 183 3244 3
203 3184 319 3327 αὑτοίςη
334 3187 518 3258 αότοῖςσΥΜ,
538 3186 647 3256 αὐτούς
664 3196 702 3279 v]
723 3196 799 3264 εἴγε
817 3195 887 3266 VM]
906 3190 951 3250 ότι
1006 3202 1039 3252 10
1056 3218 1118 3267 τρε·

99 3252 245 3328 φάμενον]
270 3261 304 3313 δε
323 3256 432 3327 άμενον
448 3264 525 3330 Pet„
550 3253 789 3333 άποτριφομενον
807 3266 834 3315 Η
904 3269 936 3318 13
961 3257 1055 3320 αότόν
1076 3268 1115 3336 fl.]

101 3321 191 3381 αὐτόν
261 3331 293 3380 14
316 3323 396 3400 αὐτῷ
417 3331 480 3386 fort.
504 3332 650 3385 delendum
725 3335 756 3384 15
783 3331 894 3402 ληρεῖν]
924 3333 1069 3401 λοιδορεῖν
1092 3339 1119 3387 V

101 3399 132 3447 16
152 3392 184 3449 δὲ
203 3397 265 3451 add.
284 3397 309 3446 V
380 3399 411 3448 18
429 3397 546 3466 πολλῆς]
565 3402 684 3462 πολλοῖς
702 3403 738 3462 fl..
757 3403 829 3466 quod
847 3407 992 3483 praestare
1006 3403 1118 3456 videtur

100 3467 132 3515 19
156 3457 257 3525 αὐτοῖς
279 3465 340 3518 εδδ.
360 3466 385 3515 V
452 3470 486 3518 λθ
526 3467 611 3534 ρῆται
632 3470 656 3519 V
725 3472 757 3520 23
781 3460 898 3533 άξιωοει
916 3469 951 3536 V]
972 3460 1117 3539 άξιάμαοι

100 3533 132 3581 25
151 3524 249 3585 ἑστίαν
267 3533 296 3584 Μ
365 3485 554 3587 κοινωνίαν
574 3533 610 3603 V]
629 3532 680 3588 καλ
699 3537 845 3590 Παιονίαν
873 3539 877 3604 Ι
904 3537 956 3605 τῆς
975 3538 1037 3593 αδδ.
1057 3539 1083 3590 V
