2392 3960
126 149 188 213 238
427 150 569 201 IULIANI
592 148 841 200 ιιιοοοετοιιιε

128 281 241 364 οὗτον,
268 274 305 346 τὸ
334 279 461 346 δοκοῦν
488 279 630 366 ἐργῶδες
657 278 694 344 ἐν
721 272 836 357 αύτοίς
862 275 1008 364 φεύγων.
1048 275 1087 346 τὸ
1108 275 1140 346 δ’

128 383 209 453 ὅλον
246 380 345 453 ὁποία
383 380 463 451 άττα
505 389 599 452 δοκεῖ
633 384 687 451 καὶ
726 377 867 451 οἷστισιν
899 378 1053 471 ἁρμόττει
1084 387 1143 472 τῆς

127 493 236 577 ψυχῆς
262 491 412 577 μέρεσιν,
440 486 503 558 ούκ
531 486 697 578 ἀγνοήσει.
744 488 858 558 σκόπει
887 489 945 577 δή,
973 495 1005 558 εί
1030 488 1075 578 μή
1103 488 1141 560 τὸ

128 594 250 665 ἑαυτὸν
277 599 405 683 γνῶναι
423 596 530 684 πάσης
548 595 609 684 μὲν
627 594 817 684 ἐπιστήμης,
844 595 952 683 πάσης
971 595 1008 664 δὲ
1025 598 1142 685 τέχνης

127 699 258 791 ήγεῖταί
281 729 316 772 τε
343 700 411 791 άμα
437 704 493 773 καὶ
519 701 599 784 τούς
626 702 779 771 καθόλου
801 700 924 789 λόγους
950 708 1166 792 συνείληφετ

76 809 173 880 ιειτά
196 836 230 878 τε
257 807 321 900 γάρ
348 820 427 879 θεῖα
455 807 511 878 διά
529 812 587 898 τῆς
614 809 756 896 ἐνούσης
782 803 981 896 ήμίνθείας
1007 815 1143 897 μερίδος

127 916 168 984 τά
185 943 221 984 τε
239 914 349 1004 θνητά
369 915 424 985 διά
447 919 505 1005 τής
527 918 751 1004 θνητοειδούς
768 922 887 1004 μοίρας
909 913 993 1004 πρὸς
1010 915 1143 997 τούτοις

128 1029 192 1110 ἔφη
225 1021 265 1090 τά
298 1020 418 1107 μεταξύ
449 1025 511 1091 τού
543 1025 628 1114 ζῷον
660 1021 746 1090 εἶναι
773 1021 833 1090 τὸν
865 1019 1065 1111 άνθρωπον,
1097 1026 1142 1114 τῷ

128 1128 190 1215 μὲν
221 1126 300 1197 καθ’
336 1131 477 1197 ἕκαστον
508 1129 653 1216 θνητόν,
684 1131 731 1220 τῷ
743 1166 745 1170 r
763 1129 863 1197 παντὶ
892 1126 929 1196 δδ
956 1124 1142 1214 ἀθάνατον,

127 1235 183 1302 καὶ
202 1236 315 1322 μέντοι
342 1233 476 1303 καὶτὸν
504 1237 563 1303 ἕνα
581 1235 636 1302 καὶ
655 1232 716 1303 τὸν
738 1231 817 1304 καθ’
848 1236 990 1304 ἕκαστον
1008 1250 1140 1322 συγκεί-
1155 1267 1180 1307 ιο

129 1351 210 1409 σθαι
237 1343 273 1410 ἐκ
300 1344 428 1430 θνητῆς
454 1342 510 1410 καὶ
538 1337 714 1409 ἀθανάτου
741 1345 884 1428 μερίδος.

70 1515 73 1521 ,
174 1443 247 1514 Ὅτι
273 1449 388 1534 μέντοι
414 1440 470 1516 καὶ
488 1445 525 1516 τὸ
553 1449 600 1538 τῷ
622 1449 693 1538 θεῷ
720 1445 803 1515 κατὰ
831 1447 977 1535 δύναμιν
1005 1442 1143 1534 ὁμοιοῦ-

129 1563 212 1622 σθαι
231 1550 293 1622 ούκ
321 1550 400 1623 άλλο
418 1560 455 1622 τί
479 1556 569 1622 ἐστιν
595 1548 616 1642 ή
645 1551 682 1621 τὸ
701 1550 764 1642 τήν
787 1551 927 1643 ἐφικτήν
946 1549 1144 1642 άνθρύποις

87 1662 256 1744 Βγνῶσιν
281 1662 350 1728 των
371 1658 486 1729 ’όντων
512 1658 804 1748 περιποιήσασθαι,
831 1659 1001 1750 πρόδηλον
1029 1661 1143 1729 ἐντεύ-

127 1775 199 1834 θεν.
245 1762 287 1834 ού
313 1764 376 1854 γὰρ
404 1767 458 1834 ἐπὶ
484 1766 616 1857 πλούτῳ
645 1766 821 1855 χρημάτων
847 1766 884 1835 τὸ
907 1775 1006 1835 θεῖον
1033 1794 1139 1855 μακα-
1154 1799 1179 1841 τι

128 1878 259 1960 ρίζομεν
278 1870 359 1941 ούδδ
386 1870 436 1941 ἐπ’
465 1871 554 1965 άλλρι
572 1874 638 1941 τινὶ
656 1875 724 1941 τῶν
742 1875 969 1961 νομιζομένων
987 1868 1143 1960 ἀγαθοῖν,

129 1969 200 2047 ἄλλ’
231 1975 312 2068 ὅπερ
333 1977 479 2070 Ὅμηρός
506 1999 592 2068 φησι

288 2105 368 2172 θεοὶ»
393 2106 433 2173 δέ
456 2131 491 2172 τε
518 2103 626 2172 πάντα
654 2112 755 2190 ἴσασι,
795 2144 798 2159 ·

129 2228 184 2295 καὶ
212 2229 325 2316 μέντοι
352 2229 408 2295 καὶ
435 2228 509 2316 περὶ
537 2225 622 2308 Διὸς

206 2348 301 2421 Ἀλλά
329 2350 413 2432 Ζεύς
439 2350 598 2440 πρότερος
624 2350 754 2439 γεγόνει
781 2352 838 2420 καὶ
863 2357 1001 2421 πλείονα
1028 2349 1118 2442 ᾔδει·
1156 2385 1183 2426 ιο

130 2477 289 2565 ἐπιστήμη
322 2473 385 2565 γάρ
421 2470 517 2563 ήμῶν
555 2479 591 2543 οί
624 2478 701 2544 θεοὶ
738 2476 969 2564 διαφέρουσιν.
1013 2471 1145 2565 ἡγεῖται

90 2599 110 2653 0
129 2581 193 2671 γὰρ
222 2591 301 2663 ἴσως
318 2583 374 2649 καὶ
393 2577 507 2662 αὐτοῖς
533 2583 601 2676 τῶν
619 2583 731 2650 καλύν
748 2580 785 2649 τὸ
805 2577 930 2662 αύτούς
947 2583 1143 2669 γινώσκειν·

130 2685 198 2780 ὅσῳ
227 2686 268 2776 δή
301 2693 484 2775 κρείττονες
516 2682 611 2774 ήμῶν
638 2693 702 2756 είσι
733 2685 795 2776 τήν
823 2685 959 2773 ούσίαν,
990 2689 1144 2782 τοσούτῳ

130 2794 266 2880 γνόντες
299 2790 439 2874 ἑαυτούς
471 2803 603 2881 ίσχονσι
631 2792 813 2880 βελτιόνων
845 2797 980 2881 γνῶσιν.
1026 2790 1145 2884 μηδεὶς

199 3056 213 3104 7
231 3046 302 3120 πρὸς
321 3047 433 3112 τούτοις
450 3049 522 3119 κτλ]
541 3052 706 3116 „Mendosus
719 3053 824 3105 Ιοοοε.“
843 3054 902 3106 Pet.
920 3054 988 3108 Rsk.
1006 3053 1144 3107 audacter

133 3119 266 3184 conjecit:
289 3119 391 3188 μοίρας
414 3119 466 3188 τῆς
488 3111 608 3187 ἐνούσης
630 3112 701 3190 πρὸς
727 3114 840 3180 τούτοις
867 3117 917 3200 [το.
941 3124 1003 3181 τοῖς
1029 3118 1142 3191 θείοις]

131 3185 188 3254 ἔφη
208 3185 258 3256 [ιο.
276 3181 291 3239 δ
309 3180 382 3247 θεὸς
400 3182 432 3238 ἐν
448 3183 487 3252 τῷ
504 3186 601 3253 γνῶθι
622 3180 759 3254 σεαντδν]
783 3181 834 3239 διά
852 3205 885 3240 το
903 3185 1012 3254 μεταξύ
1030 3183 1143 3242 τούτων
1164 3208 1186 3225 -·

131 3255 203 3324 ζῷον
223 3250 298 3307 εἶναι
317 3249 368 3307 τδν
385 3246 551 3322 ἄνθρωπον.
582 3257 642 3320 Ego
660 3271 732 3319 vero,
750 3259 774 3306 si
793 3257 859 3306 mihi
878 3271 985 3322 quoque
1004 3257 1071 3308 licet
1089 3259 1141 3308 ali-

130 3324 197 3388 quid
216 3325 327 3387 audere,
345 3324 460 3374 scribam
475 3325 586 3406 fotius:
604 3317 760 3389 προσήκειν
778 3318 835 3391 ἔφη
853 3317 885 3375 τὸ
904 3317 1012 3388 μεταξύ
1031 3316 1142 3377 τούτων

130 3390 201 3458 ζῴον
232 3389 357 3450 εἰδέναι,
387 3383 439 3442 τδν
468 3391 636 3457 ανθρωπον.
671 3389 713 3445 Os.
741 3391 850 3443 Maxim.
879 3391 943 3456 Tyr.
965 3395 994 3456 4,
1022 3395 1037 3443 7
1107 3395 1142 3445 18

130 3459 227 3524 Odyss.
247 3459 279 3524 δ,
297 3462 347 3510 379
428 3460 461 3510 20
482 3458 563 3510 Iliad.
581 3476 613 3523 ν,
632 3462 682 3511 355
760 3461 789 3509 21
812 3457 1002 3527 διαφέρουσιν
1019 3458 1056 3527 Η]
1075 3459 1141 3512 δια.

130 3524 252 3592 φέροντι
321 3529 354 3578 25
372 3519 525 3592 βελτιόνων
546 3525 579 3594 Η]
598 3525 654 3578 τῶν
672 3517 826 3592 βελτιόνων
1027 3562 1030 3566 -
1125 3566 1133 3585 ,
