2392 3960
494 172 631 243 δελετο
650 191 682 242 v.
1035 191 1098 255 223

84 314 169 404 γοῦς
201 313 336 398 ἀκτῖνας
367 313 474 405 ἡλίου.
521 317 635 386 σκόπει
664 318 701 387 δέ
729 320 888 407 ἐναργῶς·
921 321 1006 388 ἕλκει
1038 320 1136 407 μένΒ

85 420 152 493 ἀπὸ
181 426 240 511 της
266 426 327 510 γῆς
358 424 462 533 μάννα
485 425 540 492 καὶ
559 433 792 513 προσκαλεῖται
819 427 874 493 καὶ
902 426 1101 512 βλαστάνειν

84 543 178 599 ποιεῖ
201 532 241 619 τῇ
275 536 434 619 ζωπυρίδι
466 531 521 599 καὶ
553 534 732 621 θαυμαστῇ
764 533 888 620 θέρμη,
918 537 1101 622 διακρίνων

85 634 180 724 οἶμαι
221 634 304 725 πρὸς
345 634 452 726 ἀκραν
489 637 668 726 λεπτότητα
705 635 745 705 τά
783 637 933 726 σώματα,
970 640 1025 707 καὶ
1060 635 1102 706 τά

52 743 189 831 οφύσει
217 742 387 831 φερόμενα
414 743 502 812 κάτω
530 750 689 829 κουφίζει.
730 740 770 811 τά
799 742 840 832 δὴ
868 747 1007 813 τοιαῦτα
1033 748 1101 813 τῶν

86 846 240 937 ἀφανῶν.
258 846 364 918 αύτοῦ
391 850 569 937 δυνάμεων
600 851 756 937 ποιητέον
783 850 948 939 τεκμήρια.
990 848 1008 920 ὁ
1037 850 1101 941 γάρ

86 959 124 1024 ἐν
152 971 222 1035 τοῖς
251 955 380 1045 στόμασι
408 955 464 1024 διὰ
496 960 554 1044 τῆς
582 958 830 1044 σωματοειδοῦς
857 958 984 1045 θέρμης
1012 954 1100 1025 οῦτω

85 1065 187 1131 τοῦτο
220 1059 483 1153 ἀπεργαζόμενος
514 1066 583 1144 πῶς
617 1060 658 1131 ού
691 1059 747 1131 διά
779 1065 837 1150 τῆς
860 1060 1018 1149 Ιἀφανοῦς
1045 1064 1101 1131 καὶ

86 1166 267 1256 ἀσωμάτου
304 1170 411 1258 πάντη
449 1172 505 1239 καὶ
542 1175 639 1250 θείας
674 1170 730 1238 καὶ
766 1173 919 1259 καθαράς
956 1172 993 1238 ἐν
1029 1181 1102 1252 ταῖς

37 1302 70 1340 10
87 1273 218 1344 ἀκτῖσιν
248 1278 426 1364 ἱδρυμένης
454 1274 572 1356 οῦσίας
599 1278 683 1357 ἕλξει
706 1278 762 1345 καὶ
781 1272 893 1357 ἀνάξει
920 1273 978 1357 τὰς
1005 1273 1100 1345 εῦτυ-

85 1397 156 1470 χεῖς
182 1382 305 1469 ψυχάς;
335 1380 462 1452 ούκοῦν
490 1381 601 1470 ἐπειδὴ
621 1384 770 1470 πέφηνεν
799 1387 925 1451 οἰκεῖον
952 1381 1013 1470 μὲν
1031 1397 1136 1464 τοῖςΟ

85 1499 183 1568 θεοῖς
209 1487 246 1557 τὸ
275 1493 347 1576 φῶς
374 1492 473 1558 τοῦτο
493 1490 549 1558 καὶ
567 1504 636 1570 τοῖς
664 1486 855 1577 ἀναχθῆναι
884 1489 1102 1576 σπεύδουσιν,

86 1592 221 1675 αῦξεται
255 1589 302 1664 δὲ’
324 1598 360 1663 ἐν
392 1600 437 1687 τῷ
475 1593 553 1685 παρ’
594 1591 673 1684 ἡμῖν
711 1596 823 1687 κόσμῳ
860 1593 897 1664 τὸ
935 1598 1102 1682 τοιοῦτον,

87 1698 173 1770 ὥστε
201 1700 287 1770 εἶναι
314 1700 375 1790 τὴν
402 1699 528 1792 ἡμέραν
547 1709 644 1790 μείζω
672 1706 730 1790 της
753 1700 883 1788 νυκτός,
903 1698 1022 1771 Ἡλίου
1041 1704 1102 1770 τοῦ

41 1832 72 1873 15
86 1809 251 1895 βασιλέως
288 1809 545 1897 ἐπιπορεύεσθαι
577 1807 638 1876 τόν
674 1807 770 1898 κριόν
809 1805 1011 1897 ἀρξαμένου·
1049 1809 1101 1876 δέ-

87 1918 215 1983 δεικται
251 1917 306 1983 καὶ
343 1912 521 2002 ἀναγωγὸν
558 1915 658 2001 φύσει
689 1913 726 1983 τὸ
759 1917 827 1982 τάν
864 1911 1009 1982 ἀκτίνων
1040 1917 1102 1983 τοῦ

85 2023 174 2089 θεοῦ
203 2021 258 2088 διά
286 2049 320 2090 τε
338 2025 396 2109 τῆς
424 2024 573 2110 φανεράς
592 2023 760 2109 ἐνεργείας
778 2022 833 2089 καὶ
852 2023 910 2106 τῆς
938 2017 1102 2106 ἀφανοῦς,

87 2122 151 2214 ὑφ’
181 2118 220 2215 ἧς
247 2138 457 2216 παμπληθεῖς
476 2126 674 2215 ἀνήχθησαν
692 2127 795 2213 ψυχαὶ
822 2129 891 2194 τῶν
910 2126 1103 2214 αἰσθήσεων

88 2229 363 2323 ἀκολουθησασαι
394 2237 434 2323 τῇ
467 2234 637 2321 φανοτάτη
669 2234 725 2302 καὶ
757 2232 898 2320 μάλιστα
934 2227 1144 2319 ἡλιοειδεῖ.Ι)

45 2365 73 2404 εο
87 2338 152 2427 τὴν
179 2337 243 2429 γάρ
271 2341 429 2429 τοιαύτην
456 2344 524 2409 τῶν
557 2339 714 2429 ὀμμάτων
742 2347 904 2426 αἴσθησιν
932 2335 994 2406 οῦκ
1022 2335 1103 2423 ἀγα-

87 2445 198 2534 πητὴν
226 2447 332 2534 μόνον
360 2444 440 2515 οὐδὲ
467 2447 630 2537 χρήσιμον
659 2452 705 2527 είς
732 2444 792 2514 τὸν
819 2451 911 2532 βίον,
939 2440 1021 2513 ἀλλά
1044 2445 1100 2513 καὶ
1123 2516 1126 2520 ,

88 2551 174 2642 πρὸς
202 2560 328 2640 σοφίαν
356 2550 482 2642 ὁδηγὸν
510 2549 527 2622 ὁ
552 2552 727 2641 δαιμόνιος
754 2549 926 2641 ἀνύμνησε
949 2550 1102 2619 Πλάτων.

90 2761 109 2834 ό
148 2771 316 2848 Χαλδαῖος
352 2769 426 2857 περὶ
461 2765 522 2836 τόν
558 2766 734 2837 ἑπτάκτινα
771 2764 856 2835 θεὸν
893 2763 1103 2851 ἐβάκχευσεν,

48 2895 75 2937 ιε
90 2869 228 2959 ἀνάγων
266 2871 311 2942 δι’
346 2871 451 2942 αύτοῦ
488 2871 548 2955 τάς
583 2872 706 2960 ψυχάς,
743 2869 898 2957 ἀγνωστα
930 2873 1011 2960 ἐρῶ,
1047 2870 1103 2938 καὶ

89 2979 179 3068 μάλα
211 3007 247 3066 γε
280 2977 435 3066 ἀγνωστα
466 2983 512 3072 τῷ
544 2980 714 3071 συρφετῷ,
751 2988 932 3067 θεουργοῖς
965 2976 1003 3045 δέ
1029 2991 1155 3057 τοῖς173

89 3093 265 3176 μακαρίοις
292 3086 454 3176 γνώριμα·
483 3086 600 3176 διόπερ
629 3082 713 3154 αύτά
741 3083 897 3172 σιωπήσω
925 3086 1040 3151 τανῦν.

165 3190 267 3283 Ὅπερ
296 3193 333 3262 δὲ
361 3199 487 3281 ἔλεγον,
516 3190 567 3261 ότι
584 3194 641 3262 καί
659 3190 720 3260 τὸν
747 3189 865 3281 καιρὸν
883 3186 948 3259 ούκ
975 3185 1105 3275 ἀλόγως

160 3428 291 3486 λιτάντα
308 3432 344 3502 V]
364 3424 480 3487 ἅπαντα
507 3432 511 3493 Ι
538 3450 559 3483 ιτ
577 3430 753 3499 οοκαλεῖτοιι]
770 3433 959 3498 προκαλεῖται
976 3431 1003 3480 Η
1072 3431 1105 3480 13

90 3496 124 3556 τό
148 3501 266 3554 τοιοῦτο
289 3503 313 3553 V
338 3549 342 3554 .
399 3504 430 3554 16
455 3498 516 3569 καὶ]
541 3450 576 3555 δῦ
593 3499 643 3554 καλ
662 3502 702 3565 V,
726 3501 798 3567 quod
820 3500 916 3551 neseio
939 3513 975 3548 ευ
998 3489 1035 3563 δὴ
1054 3493 1105 3547 καὶ

93 3571 270 3623 scribendum
289 3573 327 3622 εῖτ
394 3573 428 3622 24
446 3564 587 3623 ἐπάκτινα
604 3582 691 3633 marg.
708 3572 766 3635 pet.
