2392 3960
460 163 597 215 οαενῑο
616 165 676 216 v11.
1004 163 1068 230 ρης

52 297 236 382 σκοποῖμεν.
279 301 359 373 ίσως
386 290 424 360 δὲ
450 287 577 379 ἡγεῖται
604 292 660 359 καὶ
687 291 809 380 ταύτης
835 295 893 381 τῆς
921 295 1066 384 ἐγχειρή-
1176 300 1180 305 ’

52 423 136 482 σεως
162 402 283 488 ἐκείνη,
312 394 413 489 ὁποίᾳ
430 399 497 466 τινὶ
517 404 701 490 φιλοσοφίᾳ
719 403 890 488 προσῆκον
917 396 937 487 ἡ
957 413 1066 489 μνθο-

50 514 188 598 γραφία.
235 511 416 595 φαίνονται
447 503 512 594 γάρ
539 505 657 573 πολλοὶ
688 507 744 573 καὶ
771 508 840 574 τῷν
868 507 1067 595 φιλοσόφων

50 611 132 683 αύτὸ
161 614 218 682 καὶ
244 615 313 681 τῶν
338 610 515 697 θεολόγων
542 610 755 699 ποιήσαντες,
788 609 899 699 ὥσπερ
924 610 1067 702 Ὀρφεύς

50 720 112 809 μὲν
141 716 160 788 ὁ
187 718 406 799 παλαιότατος
433 718 560 798 ἐνθέοις
586 717 834 807 φιλοσοφήσας,
868 715 930 787 ούκ
958 717 1066 808 ὀλίγοι

50 827 86 897 δὲ
115 827 171 896 καὶ
198 829 266 894 τῷν
292 822 363 913 μετ’
394 827 536 893 ἐκεῖνον·
565 819 604 892 οί
631 821 698 912 μὴν
725 821 807 894 ἀλλά
825 825 882 894 καὶ
902 827 1100 913 Ξενοφῷνο
1127 810 1131 815 ⁸

49 942 207 1021 φαίνεται
224 935 280 1000 καὶ
297 929 510 1018 Ἀντισθένης
528 930 583 998 καὶ
602 929 747 999 Πλάτων
773 933 1064 1021 προσχρησάμενοι

48 1042 218 1127 πολλαχοῦ
249 1052 319 1119 τοῖς
350 1038 488 1126 μύθοις,
522 1033 607 1105 ὥσθ’
637 1033 718 1125 ἡμῖν
749 1034 915 1125 πέφηνεν,
947 1044 978 1108 εί
1008 1039 1063 1108 καὶ
1122 1090 1123 1095 1

48 1145 92 1236 μὴ
126 1148 173 1238 τῷ
205 1148 358 1237 Κννικῷ,
396 1142 574 1235 φιλοσόφῳ
606 1146 691 1231 γοῦν
727 1171 792 1212 τινι
823 1144 1006 1234 προσήκειν
1042 1141 1063 1234 ἡ
1099 1197 1103 1201 ψ

48 1257 279 1342 μνθογραφία.
324 1249 425 1339 μικρά
457 1240 522 1319 οὖν
553 1244 637 1340 ὑπὲρ
668 1253 741 1342 τῷν,
767 1253 826 1338 της
858 1260 1063 1339 φιλοσοφίας

48 1370 112 1429 εἴτε
141 1364 269 1446 μορίων
289 1367 352 1426 είτε
381 1354 535 1444 ὀργάνων
564 1410 682 1424 ......
692 1377 699 1392 ·
727 1362 797 1425 ἔστι
824 1356 889 1448 γάρ
918 1355 959 1428 ού
977 1361 1062 1447 μέγα

46 1464 83 1535 τὸ
112 1466 278 1553 διαφέρον
307 1460 473 1553 ὁποτέρως
504 1459 547 1531 ἀν
573 1489 624 1544 τις
654 1465 701 1556 τῷ
728 1489 763 1533 τε
782 1460 905 1556 ’ἠθικῷ
932 1467 988 1534 καὶ
1015 1469 1062 1557 τῷ

47 1575 180 1663 φυσικῷ
226 1569 267 1639 τδ
308 1568 443 1657 λογικὸν
488 1573 720 1659 προσαριθμῷ’
766 1565 965 1657 ἀναγκαῖον
997 1570 1105 1661 γάρΙ)
1171 1558 1174 1565 ’

47 1676 170 1768 ὁμοίως
202 1683 357 1764 φαίνεται
389 1672 460 1745 κατ’
496 1673 676 1765 ἀμφότερα.
720 1678 825 1766 τριῷν
857 1675 899 1766 δὴ
932 1677 1062 1747 τούτων
1111 1765 1113 1768 ⁴

46 1777 150 1866 αὖθις
188 1787 329 1853 ἕκαστον
362 1789 408 1863 είς
439 1787 516 1871 τρία
546 1784 712 1869 τέμνεται,
748 1780 786 1850 τὸ
819 1782 880 1869 μὲν
914 1782 1062 1872 φυσικὸν

45 1899 94 1974 είς
129 1890 167 1960 τὸ
201 1888 403 1976 θεολογικόν
434 1889 490 1956 καὶ
525 1886 563 1956 νδ
601 1889 676 1976 περὶ
712 1887 752 1956 τὰ
788 1888 970 1977 μαθήματα
1006 1891 1062 1958 καὶ

43 2005 159 2088 τρίτον
186 1995 223 2065 τὸ
252 1998 327 2085 περὶ
350 1994 412 2084 τὴν
438 1997 507 2063 τῷν
529 1996 717 2082 γινομένων
744 1996 800 2063 καὶ
823 1991 1063 2083 ἀπολλυμένων

43 2107 100 2175 καλ
140 2107 208 2173 τῶν
241 2100 362 2171 ἀιδίων
399 2102 475 2190 μέν,
513 2100 677 2189 σωμάτων
709 2100 745 2169 δὲ
778 2097 866 2188 ὅμως
901 2109 1061 2189 θεωρίαν,
1144 2137 1161 2177 ,·

42 2218 79 2281 τί
108 2209 146 2279 τὸ
180 2208 267 2279 εἶναι
299 2207 413 2289 αύτοίς
444 2208 501 2276 καὶ
532 2213 583 2289 τίς
615 2203 635 2296 ἡ
669 2203 769 2276 οὐσία
806 2205 963 2276 ἑκάστου·
1000 2211 1064 2276 τοῖ’

42 2320 230 2407 πρακτικοῦ
258 2316 296 2384 δὲ
323 2314 360 2384 τὸ
388 2315 450 2404 μὲν
469 2313 552 2405 πρὸς
579 2315 639 2383 ἕνα
662 2311 782 2403 ἀνδρα,
809 2309 942 2400 ἠθικόν,
971 2320 1061 2383 οίκο-

41 2422 188 2513 νομικὸν
221 2422 258 2491 δὲ
289 2420 326 2490 τὸ
361 2414 436 2512 περὶ
473 2426 554 2510 μίαν
586 2426 712 2515 οίκίαν,
748 2417 921 2489 πολιτικὸν
953 2418 991 2489 δὲ
1023 2417 1060 2489 τὸ

39 2533 119 2620 περὶ
148 2530 257 2599 πόλιν·
287 2534 333 2597 ἔτι
351 2530 464 2617 μέντοι
481 2532 544 2598 τού
571 2529 711 2615 λογικοῦ
728 2524 766 2596 τὸ
786 2524 846 2615 μὲν
875 2522 1060 2596 ἀποδεικτι-

40 2636 106 2708 κόν
135 2634 192 2704 διὰ
218 2639 286 2704 τῶν
315 2632 469 2723 ἀληθῶν,
495 2633 534 2705 τὸ
563 2633 600 2703 δὲ
628 2632 685 2703 διά
711 2637 780 2702 τῷν
807 2632 955 2715 ἐνδόξων
982 2640 1114 2721 {ita-216

42 2743 174 2829 στικόν,
207 2742 244 2811 τὸ
273 2741 310 2810 δὲ
343 2739 399 2810 διά
425 2744 494 2810 τῷν
527 2742 743 2830 φαινομένων
774 2738 923 2820 ἐνδόξων
954 2764 1060 2828 παρα-

42 2848 244 2937 λογιστικόν.
281 2845 391 2916 όντων
414 2846 455 2937 δὴ
483 2848 655 2918 τοσούτων
673 2849 743 2915 τῷν
769 2849 829 2934 τῆς
856 2852 1060 2935 φιλοσοφίας

114 3075 129 3122 2
152 3071 296 3138 προσηκον
315 3068 353 3137 Η]
374 3067 517 3138 προσῆκεν
535 3087 568 3136 v,
591 3065 729 3136 προσήκει
747 3070 814 3121 Oob.
839 3069 895 3120 vid.
916 3069 952 3119 ad
975 3071 1060 3120 128ss

42 3146 59 3194 5
79 3136 133 3191 οὐκ
152 3132 244 3258 όλίηοι
261 3137 295 3204 V]
314 3133 409 3206 ὀλίγοι
494 3141 580 3190 aete
598 3133 750 3206 πέφηνεν,
775 3132 802 3190 εἰ
823 3129 930 3201 καὶμὴ
949 3133 986 3202 Η]
1010 3133 1062 3188 κέ-

42 3224 135 3275 φηνε,
161 3224 198 3258 κα
235 3202 262 3258 εί
284 3200 323 3273 μὴ
412 3209 443 3255 11
468 3206 562 3272 ‚Post
584 3196 715 3272 δργάνων
738 3205 852 3257 verbum
874 3203 968 3268 deest,
991 3219 1015 3256 e.
1036 3221 1059 3258 c.

40 3273 220 3342 προρρητέον
238 3280 287 3325 aut
304 3243 518 3343 προεξηγητίον
535 3273 580 3324 vel
599 3275 687 3324 simile
706 3273 800 3338 quid.“
822 3271 891 3325 Rsk.
927 3272 1060 3321 Lacunae

41 3346 130 3410 igitur
154 3345 262 3408 signum
283 3344 426 3406 posuimus
514 3343 546 3391 12
567 3339 606 3410 τῷ
624 3357 656 3394 τε
678 3331 788 3410 ἠθικῷ]
812 3337 851 3409 τῷ
869 3335 1016 3402 πρακτικῷ
1034 3339 1061 3388 Η

42 3415 77 3463 17
96 3411 191 3477 τρίτον
210 3406 242 3462 τὰ
260 3409 296 3478 Η]
315 3403 347 3462 τὸ
366 3407 462 3474 τρίτον
479 3425 510 3471 v,
530 3400 562 3461 τὸ
582 3408 693 3475 τρίτον,
712 3404 744 3460 τδ
762 3407 831 3460 Rsk.
864 3405 868 3471 Ι
892 3388 1061 3480 4γινομίανων

41 3476 81 3546 V]
102 3477 279 3545 γιγνομένων
348 3480 381 3529 19
404 3478 498 3542 „Post
523 3471 600 3530 εἷναι
620 3477 732 3542 videtur
754 3468 886 3528 καθόλου
905 3477 953 3523 aut
970 3487 1061 3525 πασιν

42 3546 172 3599 deesse.“
191 3547 256 3597 Rsk.
326 3549 358 3597 22
377 3542 486 3611 μέντοι]
505 3539 560 3610 μὲν
578 3549 634 3611 pet.
