2392 3960
36 39 94 255 Γ
495 172 632 226 οιιλυιο
651 176 687 226 11.
1056 172 1097 237 93

36 326 38 365 i
81 296 268 392 ἐσρεόντων
295 303 453 389 ποταμῶν
480 308 627 391 μυρίων,
655 307 690 371 οἳ
715 303 872 371 ποιοῦσιν
891 304 964 382 ἕλος
991 322 1094 390 προσ-

80 409 188 490 εοικὸς
218 424 290 490 τοῖς
317 412 514 495 Αἰγυπτίοις
545 411 647 495 ἕλεσι,
674 407 713 476 τὸ
742 408 874 495 ξύμπαν
901 412 959 496 τῆς
986 411 1096 497 ἐκείνη

79 516 247 603 θαλάττης
287 517 390 605 πέρας
429 513 587 603 βασιλεὺς
631 510 697 584 ίιπδ
739 521 862 603 σοφίας
902 521 998 602 ἔλαβε
1039 515 1095 583 καὶ

82 623 239 710 ἐβιάσατο
271 619 333 710 τὴν
366 619 502 691 άνοδον.
547 623 603 690 καὶ
631 627 686 690 ἵνα
719 620 764 710 μὴ
792 627 977 711 διατρίβειν
1006 627 1095 693 δοκῶ

36 721 184 810 ἰαὖθίς
210 755 246 797 τε
273 724 357 817 ὑπὲρ
384 731 452 796 τῶν
480 732 677 818 δυσχωριῶν
704 729 948 818 διαλεγόμενος,
976 733 1032 799 καὶ
1052 726 1096 811 ῶς

42 906 51 923 ,
82 833 158 905 οὔτε
187 834 414 925 στρατόπεδον
432 826 475 923 ἦν
494 831 576 905 οὐδὲ
602 835 731 925 χάρακα
754 843 897 923 πλησίον
916 840 1095 924 καταβαλέ-

36 902 41 1053 β
82 952 173 1028 σθαι,
202 940 279 1011 οὔτε
311 941 446 1029 ἐπάγειν
477 940 627 1031 μηχανάς
653 943 710 1011 καὶ
738 942 915 1029 ἑλεπόλεις,
942 940 1096 1035 άνόδρου

36 1058 39 1115 1
83 1051 201 1130 δεινῶς
229 1046 328 1130 όντος
358 1051 415 1118 καὶ
443 1045 524 1117 οὐδὲ
556 1046 674 1138 μικράς
705 1049 846 1136 λιβάδας
874 1056 1008 1137 ἔχοντος
1034 1053 1096 1120 τοῦ

36 1144 38 1155 ,
81 1157 174 1246 πέριξ
208 1162 350 1245 χωρίου,
383 1152 433 1224 ἐπ’
464 1152 570 1244 αὐτὴν
598 1154 665 1244 εἶμι
696 1154 759 1245 την
790 1161 929 1245 αἵρεσιν.
979 1159 1036 1227 καὶ
1069 1163 1100 1227 εί
1117 1175 1151 1225 13

36 1244 249 1355 δοβοάλεσθε
284 1261 321 1331 τὸ
358 1261 542 1351 κεφάλαιον
583 1259 718 1352 άθρόως
754 1265 841 1332 ἑλεῖν
881 1267 942 1333 τοῦ
971 1266 1098 1352 Ιλόγου,

36 1362 38 1369 ’
79 1367 323 1459 δπομνήσθητε
353 1373 411 1457 της
441 1372 503 1439 τοῦ
535 1369 734 1454 Μακεδόνος
771 1372 824 1439 ἐπὶ
860 1368 940 1452 τοὺς
971 1368 1098 1454 Ἰνδοὺς
1175 1417 1177 1421 ν

79 1483 233 1567 πορείας,
267 1483 303 1546 οἳ
334 1475 397 1567 τὴν
432 1479 557 1569 πέτραν
584 1483 715 1569 ἐκείνην
743 1480 932 1573 κατῴκουν,
964 1476 1019 1567 ἐφ’
1054 1476 1098 1568 ἣν

81 1583 163 1656 οὐδὲ
195 1588 264 1656 τῶν
296 1583 447 1677 ὀρνίθων
474 1578 518 1675 ἦν
549 1601 619 1668 τοῖς
649 1587 872 1677 κουφοτάτοις
899 1583 1097 1675 ἀναπτῆναι,

81 1690 172 1776 ὅπως
205 1693 305 1781 ἑάλω,
337 1696 393 1763 καὶ
426 1690 529 1763 οὐδὲν
561 1696 663 1764 πλέον
692 1691 829 1765 άκοόειν
862 1694 1097 1782 ἐπιθυμήσετε·
1187 1772 1195 1789 Ι

42 1797 171 1889 τεπλὴν
197 1803 363 1870 τοσοῦτον
389 1801 513 1890 μόνον,
547 1799 598 1871 ὅτι
623 1798 838 1892 Ἀλέξανδρος
864 1800 926 1888 μὲν
953 1797 1098 1888 ἀπέβαλε

79 1905 228 1989 πολλοὺς
254 1908 457 1989 Μακεδόνας
489 1905 609 1990 ἐξελῶν
640 1905 703 1997 τὴν
735 1911 874 1997 πέτραν,
907 1903 926 1976 ό
955 1907 992 1976 δὲ
1019 1903 1097 1996 ἡμέ-

79 2040 177 2103 τερος
205 2011 317 2103 άρχων
344 2017 400 2084 καὶ
419 2012 605 2105 στρατηγὸς
624 2010 705 2083 οὐδὲ
727 2021 898 2104 χιλίαρχον
917 2010 1098 2101 άποβαλῶν

80 2116 104 2208 ἢ
137 2120 283 2209 λοχαγόν
314 2148 405 2209 τινα,
441 2117 514 2190 ἄλλ’
545 2118 626 2191 οὐδὲ
658 2116 796 2210 ὁπλίτην
828 2123 897 2190 τῶν
929 2123 965 2190 ἐκ
998 2133 1138 2188 κατα-Β

79 2227 198 2314 λόγου,
216 2226 373 2316 καθαράν
391 2230 447 2297 καὶ
467 2225 620 2318 άδακρυν
637 2228 890 2319 περιεποιήσατο
909 2225 972 2315 τὴν
990 2232 1098 2314 νίκην.

36 2330 204 2423 ω”Εκτωρ
232 2333 270 2403 δὲ
297 2332 390 2424 οἶμαι
417 2335 472 2404 καὶ
491 2331 685 2425 Σαρπηδῶν
711 2333 856 2414 πολλοὺς
884 2336 920 2402 ἐκ
947 2337 1008 2402 τοῦ
1035 2360 1098 2401 τει-

79 2447 242 2530 χίσματος
268 2446 407 2529 ἔβαλον,
439 2441 633 2529 ἐντυχόντες
665 2440 702 2510 δὲ
730 2438 939 2530 άριστεόοντι
967 2439 1099 2527 Πατρό-

79 2557 152 2639 κλῳ
181 2543 199 2614 ό
232 2546 293 2634 μὲν
326 2549 379 2617 ἐπὶ
410 2549 478 2617 τῶν
509 2551 598 2617 νεῶν
630 2553 806 2634 κτείνεται,
839 2543 856 2616 ό
891 2546 929 2616 δὲ
956 2551 1099 2634 ἔφευγεν

81 2655 229 2742 αἰσχρῶς
256 2650 337 2723 οὐδὲ
364 2651 564 2742 άνελόμενος
581 2652 619 2722 τὸ
640 2657 735 2741 σῶμα
758 2656 818 2722 τοί
838 2659 950 2741 φίλου.
992 2649 1099 2749 οῶτως

81 2757 201 2831 οὐδενὶ
230 2757 292 2840 ξὺν
318 2762 383 2853 νῷ,
410 2760 506 2851 ῥῶμη
525 2760 708 2849 δὲμᾶλλον
736 2759 899 2847 σωμάτων
926 2757 1098 2848 θρασυνό-

39 2898 69 2943 a
81 2893 180 2957 μενοι
211 2863 274 2954 τὴν
302 2868 335 2948 ἐς
361 2865 399 2937 τὸ
426 2881 533 2956 τεῖχος
563 2867 715 2956 πάροδον
743 2866 899 2954 ἐτόλμων.
943 2860 1101 2953 βασιλεὺς

83 2973 123 3042 δὲ
151 2963 193 3041 οὗ
220 2971 281 3060 μὲν
309 2970 411 3062 άλκης
438 2979 538 3063 ἔργον
566 2974 634 3042 ἐστὶ
658 2974 715 3042 καὶ
742 2975 859 3060 θυμοῦ
885 2975 1002 3061 χρῆται
1029 2985 1101 3052 τοῖς

153 3233 168 3279 1
192 3221 349 3295 ἒσρείντων
366 3228 434 3296 VM]
455 3222 622 3297 εἰσρεόντων
690 3233 706 3282 2
729 3221 826 3305 ἐκείνη
845 3227 883 3295 Μ]
902 3221 1016 3293 ἐκείνης
1085 3230 1100 3277 1

83 3289 234 3356 ίλεπόλεις
260 3297 286 3347 V
366 3301 396 3348 11
423 3291 633 3365 ότιομνήσθητε
659 3296 734 3362 VM]
758 3296 967 3362 υπομνησθήτε
994 3297 999 3361 Ι
1026 3292 1101 3349 ίνδι-

48 3370 56 3381 ”
83 3360 156 3425 νοός
175 3364 200 3414 V
270 3368 302 3416 14
319 3357 409 3418 οόδὲν
426 3362 464 3431 V]
484 3357 553 3417 οῶδδ
623 3367 655 3416 16
678 3357 844 3432 μακεδόνας
861 3361 898 3482 U
918 3357 1101 3416 Μακεδόνων

85 3436 119 3485 18
136 3429 205 3499 τῶν]
225 3428 276 3484 τόν
294 3433 319 3483 V
371 3436 404 3485 19
421 3427 475 3501 τὴν
494 3431 580 3497 δίκην
598 3434 624 3485 V
679 3436 711 3484 21
732 3429 853 3500 ἔβαλλον
898 3470 904 3482 .
934 3431 1001 3482 Rsk.
1021 3432 1101 3482 malit
1139 3458 1146 3481 ι

84 3499 247 3567 κατέβαλον
314 3503 349 3551 24
370 3493 472 3553 οὐδενί
497 3498 598 3569 Ψγλλ]
622 3494 690 3553 οὐδὲ
715 3495 818 3564 (οὐδὲν
841 3500 924 3564 VM).
954 3499 990 3550 ef.
1014 3500 1100 3550 1191)

85 3568 228 3635 Aristoph.
246 3568 336 3621 Nubb.
355 3571 406 3622 580
