<?xml version="1.0" encoding="UTF-8"?>
<!DOCTYPE html PUBLIC "-//W3C//DTD XHTML 1.0 Transitional//EN"
    "http://www.w3.org/TR/xhtml1/DTD/xhtml1-transitional.dtd">
<html xmlns="http://www.w3.org/1999/xhtml" xml:lang="en" lang="en">
 <head>
  <title>
</title>
<meta http-equiv="Content-Type" content="text/html;charset=utf-8" />
  <meta name='ocr-system' content='tesseract 3.04.00' />
  <meta name='ocr-capabilities' content='ocr_page ocr_carea ocr_par ocr_line ocrx_word'/>
</head>
<body>
  <div class='ocr_page' id='page_1' title='image "./iulianiimperato00juligoog_0034.png"; bbox 0 0 2392 3960; ppageno 0'>
   <div class='ocr_carea' id='block_1_1' title="bbox 488 195 1087 258">
    <p class='ocr_par' dir='ltr' id='par_1_1' title="bbox 488 195 1087 258">
     <span class='ocr_line' id='line_1_1' title="bbox 488 195 1087 258; baseline 0 -13"><span class='ocrx_word' id='word_1_1' title='bbox 488 195 623 246; x_wconf 80' lang='lat' dir='ltr'><strong>ORATIO</strong></span> <span class='ocrx_word' id='word_1_2' title='bbox 642 197 664 249; x_wconf 91' lang='lat'><strong><em>1.</em></strong></span> <span class='ocrx_word' id='word_1_3' title='bbox 1046 195 1087 258; x_wconf 74' lang='lat'><strong><em>19</em></strong></span> 
     </span>
    </p>
   </div>
   <div class='ocr_carea' id='block_1_2' title="bbox 19 317 1129 3436">
    <p class='ocr_par' dir='ltr' id='par_1_2' title="bbox 63 317 1086 732">
     <span class='ocr_line' id='line_1_2' title="bbox 64 317 1086 414; baseline -0.002 -21"><span class='ocrx_word' id='word_1_4' title='bbox 64 321 146 405; x_wconf 78' lang='grc' dir='ltr'><strong><em>τοὺς</em></strong></span> <span class='ocrx_word' id='word_1_5' title='bbox 173 323 340 411; x_wconf 80' lang='grc' dir='ltr'><strong><em>λαβόντας</em></strong></span> <span class='ocrx_word' id='word_1_6' title='bbox 367 320 495 412; x_wconf 78' lang='grc' dir='ltr'><strong><em>ἤρκουν</em></strong></span> <span class='ocrx_word' id='word_1_7' title='bbox 524 317 696 409; x_wconf 79' lang='grc' dir='ltr'><strong><em>ἀποφῆναι</em></strong></span> <span class='ocrx_word' id='word_1_8' title='bbox 715 325 760 414; x_wconf 77' lang='grc' dir='ltr'><strong><em>τῷ</em></strong></span> <span class='ocrx_word' id='word_1_9' title='bbox 780 325 906 390; x_wconf 90' lang='grc' dir='ltr'><strong><em>Λυδῶν</em></strong></span> <span class='ocrx_word' id='word_1_10' title='bbox 935 323 1086 413; x_wconf 77' lang='grc' dir='ltr'><em>δυνάστῃ</em></span> 
     </span>
     <span class='ocr_line' id='line_1_3' title="bbox 63 425 1084 520; baseline -0.002 -20"><span class='ocrx_word' id='word_1_11' title='bbox 63 435 330 520; x_wconf 81' lang='grc' dir='ltr'><strong><em>παραπλησίους,</em></strong></span> <span class='ocrx_word' id='word_1_12' title='bbox 358 431 570 515; x_wconf 83' lang='grc' dir='ltr'><strong><em>ἐνδεέστερον</em></strong></span> <span class='ocrx_word' id='word_1_13' title='bbox 598 428 659 516; x_wconf 69' lang='grc' dir='ltr'><strong><em>μὲν</em></strong></span> <span class='ocrx_word' id='word_1_14' title='bbox 677 425 859 497; x_wconf 79' lang='grc' dir='ltr'><strong><em>ἀπολαύων</em></strong></span> <span class='ocrx_word' id='word_1_15' title='bbox 887 426 990 510; x_wconf 80' lang='grc' dir='ltr'><strong><em>αὐτὸς</em></strong></span> <span class='ocrx_word' id='word_1_16' title='bbox 1016 433 1084 498; x_wconf 88' lang='grc' dir='ltr'><strong><em>τῶν</em></strong></span> 
     </span>
     <span class='ocr_line' id='line_1_4' title="bbox 64 531 1083 627; baseline -0.002 -21"><span class='ocrx_word' id='word_1_17' title='bbox 64 534 288 627; x_wconf 79' lang='grc' dir='ltr'><strong><em>ὑπαρχόντων</em></strong></span> <span class='ocrx_word' id='word_1_18' title='bbox 320 533 462 621; x_wconf 76' lang='grc' dir='ltr'><strong><em>ἀγαθῶν</em></strong></span> <span class='ocrx_word' id='word_1_19' title='bbox 493 531 513 622; x_wconf 77' lang='grc' dir='ltr'><strong><em>ἢ</em></strong></span> <span class='ocrx_word' id='word_1_20' title='bbox 542 538 764 624; x_wconf 76' lang='grc' dir='ltr'><strong><em>Σπαρτιατῶν</em></strong></span> <span class='ocrx_word' id='word_1_21' title='bbox 797 531 814 604; x_wconf 85' lang='grc' dir='ltr'><strong><em>ό</em></strong></span> <span class='ocrx_word' id='word_1_22' title='bbox 849 537 1083 625; x_wconf 87' lang='grc' dir='ltr'><strong><em>σωφρονέστα-</em></strong></span> 
     </span>
     <span class='ocr_line' id='line_1_5' title="bbox 64 639 1083 732; baseline -0.001 -20"><span class='ocrx_word' id='word_1_23' title='bbox 64 670 138 730; x_wconf 88' lang='grc' dir='ltr'><strong><em>τος,</em></strong></span> <span class='ocrx_word' id='word_1_24' title='bbox 171 646 233 711; x_wconf 82' lang='grc' dir='ltr'><strong><em>τοῦ</em></strong></span> <span class='ocrx_word' id='word_1_25' title='bbox 263 644 398 731; x_wconf 81' lang='grc' dir='ltr'><strong><em>τρυφᾶν</em></strong></span> <span class='ocrx_word' id='word_1_26' title='bbox 431 642 468 709; x_wconf 76' lang='grc' dir='ltr'><strong><em>δὲ</em></strong></span> <span class='ocrx_word' id='word_1_27' title='bbox 496 643 649 731; x_wconf 79' lang='grc' dir='ltr'><strong><em>παρέχων</em></strong></span> <span class='ocrx_word' id='word_1_28' title='bbox 677 639 789 723; x_wconf 86' lang='grc' dir='ltr'><strong><em>ἀλλοις</em></strong></span> <span class='ocrx_word' id='word_1_29' title='bbox 816 648 993 732; x_wconf 81' lang='grc' dir='ltr'><strong><em>χορηγίαν,</em></strong></span> <span class='ocrx_word' id='word_1_30' title='bbox 1027 645 1083 711; x_wconf 86' lang='grc' dir='ltr'><strong><em>καὶ</em></strong></span> 
     </span>
    </p>

    <p class='ocr_par' dir='ltr' id='par_1_3' title="bbox 35 747 1122 1265">
     <span class='ocr_line' id='line_1_6' title="bbox 35 747 1082 837; baseline 0.002 -22"><span class='ocrx_word' id='word_1_31' title='bbox 35 765 136 831; x_wconf 79' lang='grc' dir='ltr'><strong><em>ττοῖς</em></strong></span> <span class='ocrx_word' id='word_1_32' title='bbox 165 750 383 836; x_wconf 81' lang='grc' dir='ltr'><strong><em>βουλομένοις</em></strong></span> <span class='ocrx_word' id='word_1_33' title='bbox 411 762 602 837; x_wconf 78' lang='grc' dir='ltr'><strong><em>σωφρονεῖν</em></strong></span> <span class='ocrx_word' id='word_1_34' title='bbox 628 749 783 836; x_wconf 80' lang='grc' dir='ltr'><strong><em>παρέχων</em></strong></span> <span class='ocrx_word' id='word_1_35' title='bbox 817 747 944 817; x_wconf 88' lang='grc' dir='ltr'><strong><em>σαυτὸν</em></strong></span> <span class='ocrx_word' id='word_1_36' title='bbox 976 764 1082 837; x_wconf 82' lang='grc' dir='ltr'><strong><em>μιμεί-</em></strong></span> 
     </span>
     <span class='ocr_line' id='line_1_7' title="bbox 65 852 1081 945; baseline -0.001 -20"><span class='ocrx_word' id='word_1_37' title='bbox 65 866 163 942; x_wconf 75' lang='grc' dir='ltr'><strong><em>σδαι,</em></strong></span> <span class='ocrx_word' id='word_1_38' title='bbox 195 852 308 945; x_wconf 86' lang='grc' dir='ltr'><strong><em>ἀρχων</em></strong></span> <span class='ocrx_word' id='word_1_39' title='bbox 335 854 396 942; x_wconf 68' lang='grc' dir='ltr'><strong><em>μὲν</em></strong></span> <span class='ocrx_word' id='word_1_40' title='bbox 423 854 538 944; x_wconf 77' lang='grc' dir='ltr'><strong><em>πρᾴως</em></strong></span> <span class='ocrx_word' id='word_1_41' title='bbox 564 854 619 923; x_wconf 82' lang='grc' dir='ltr'><strong><em>καὶ</em></strong></span> <span class='ocrx_word' id='word_1_42' title='bbox 648 855 898 941; x_wconf 79' lang='grc' dir='ltr'><strong><em>φιλανθρώπως</em></strong></span> <span class='ocrx_word' id='word_1_43' title='bbox 929 858 998 922; x_wconf 89' lang='grc' dir='ltr'><strong><em>τῶν</em></strong></span> <span class='ocrx_word' id='word_1_44' title='bbox 1026 853 1081 924; x_wconf 84' lang='grc' dir='ltr'><strong><em>ἀλ-</em></strong></span> 
     </span>
     <span class='ocr_line' id='line_1_8' title="bbox 62 957 1122 1050; baseline -0.003 -20"><span class='ocrx_word' id='word_1_45' title='bbox 62 971 148 1049; x_wconf 91' lang='grc' dir='ltr'><strong><em>λων,</em></strong></span> <span class='ocrx_word' id='word_1_46' title='bbox 181 958 364 1049; x_wconf 79' lang='grc' dir='ltr'><strong><em>ἀρχόμενος</em></strong></span> <span class='ocrx_word' id='word_1_47' title='bbox 396 961 434 1029; x_wconf 71' lang='grc' dir='ltr'><strong><em>δὲ</em></strong></span> <span class='ocrx_word' id='word_1_48' title='bbox 460 957 526 1029; x_wconf 81' lang='grc' dir='ltr'><strong><em>ὑπὸ</em></strong></span> <span class='ocrx_word' id='word_1_49' title='bbox 555 963 618 1028; x_wconf 82' lang='grc' dir='ltr'><strong><em>τοῦ</em></strong></span> <span class='ocrx_word' id='word_1_50' title='bbox 649 960 774 1050; x_wconf 87' lang='grc' dir='ltr'><strong><em>πατρὸς</em></strong></span> <span class='ocrx_word' id='word_1_51' title='bbox 809 960 994 1050; x_wconf 86' lang='grc' dir='ltr'><strong><em>σωφρόνως</em></strong></span> <span class='ocrx_word' id='word_1_52' title='bbox 1026 963 1122 1030; x_wconf 81' lang='grc' dir='ltr'><strong><em>καὶΟ</em></strong></span> 
     </span>
     <span class='ocr_line' id='line_1_9' title="bbox 63 1062 1082 1157; baseline -0.002 -20"><span class='ocrx_word' id='word_1_53' title='bbox 63 1064 110 1150; x_wconf 85' lang='grc' dir='ltr'><strong><em>ῶς</em></strong></span> <span class='ocrx_word' id='word_1_54' title='bbox 142 1062 190 1149; x_wconf 80' lang='grc' dir='ltr'><strong><em>εἷς</em></strong></span> <span class='ocrx_word' id='word_1_55' title='bbox 226 1071 294 1136; x_wconf 89' lang='grc' dir='ltr'><strong><em>τῶν</em></strong></span> <span class='ocrx_word' id='word_1_56' title='bbox 326 1070 459 1136; x_wconf 79' lang='grc' dir='ltr'><strong><em>πολλῶν</em></strong></span> <span class='ocrx_word' id='word_1_57' title='bbox 495 1066 555 1135; x_wconf 90' lang='grc' dir='ltr'><strong><em>τὸν</em></strong></span> <span class='ocrx_word' id='word_1_58' title='bbox 592 1063 722 1135; x_wconf 78' lang='grc' dir='ltr'><strong><em>ἅπαντα</em></strong></span> <span class='ocrx_word' id='word_1_59' title='bbox 760 1070 913 1148; x_wconf 77' lang='grc' dir='ltr'><strong><em>διετέλεις</em></strong></span> <span class='ocrx_word' id='word_1_60' title='bbox 948 1067 1082 1157; x_wconf 91' lang='grc' dir='ltr'><strong><em>χρόνον.</em></strong></span> 
     </span>
     <span class='ocr_line' id='line_1_10' title="bbox 61 1170 1081 1265; baseline 0 -22"><span class='ocrx_word' id='word_1_61' title='bbox 61 1176 160 1243; x_wconf 78' lang='grc' dir='ltr'><strong><em>παιδὶ</em></strong></span> <span class='ocrx_word' id='word_1_62' title='bbox 192 1173 253 1263; x_wconf 67' lang='grc' dir='ltr'><strong><em>μὲν</em></strong></span> <span class='ocrx_word' id='word_1_63' title='bbox 286 1171 359 1243; x_wconf 82' lang='grc' dir='ltr'><strong><em>ὅντι</em></strong></span> <span class='ocrx_word' id='word_1_64' title='bbox 391 1194 445 1242; x_wconf 91' lang='grc' dir='ltr'><strong><em>σοι</em></strong></span> <span class='ocrx_word' id='word_1_65' title='bbox 478 1175 533 1241; x_wconf 81' lang='grc' dir='ltr'><strong><em>καὶ</em></strong></span> <span class='ocrx_word' id='word_1_66' title='bbox 566 1179 724 1265; x_wconf 78' lang='grc' dir='ltr'><strong><em>μειρακίω</em></strong></span> <span class='ocrx_word' id='word_1_67' title='bbox 752 1174 856 1242; x_wconf 82' lang='grc' dir='ltr'><strong><em>ταῦτά</em></strong></span> <span class='ocrx_word' id='word_1_68' title='bbox 888 1200 923 1242; x_wconf 88' lang='grc' dir='ltr'><strong><em>τε</em></strong></span> <span class='ocrx_word' id='word_1_69' title='bbox 954 1170 1081 1264; x_wconf 77' lang='grc' dir='ltr'><strong><em>ὑπῆρχε</em></strong></span> 
     </span>
    </p>

    <p class='ocr_par' dir='ltr' id='par_1_4' title="bbox 22 1271 1081 1475">
     <span class='ocr_line' id='line_1_11' title="bbox 22 1271 1081 1370; baseline 0.003 -25"><span class='ocrx_word' id='word_1_70' title='bbox 22 1306 50 1345; x_wconf 82' lang='grc' dir='ltr'><strong><em>ιο</em></strong></span> <span class='ocrx_word' id='word_1_71' title='bbox 63 1281 119 1349; x_wconf 82' lang='grc' dir='ltr'><strong><em>καὶ</em></strong></span> <span class='ocrx_word' id='word_1_72' title='bbox 152 1278 236 1348; x_wconf 83' lang='grc' dir='ltr'><strong><em>ἀλλα</em></strong></span> <span class='ocrx_word' id='word_1_73' title='bbox 267 1286 421 1365; x_wconf 84' lang='grc' dir='ltr'><strong><em>πλείονα,</em></strong></span> <span class='ocrx_word' id='word_1_74' title='bbox 453 1281 528 1370; x_wconf 79' lang='grc' dir='ltr'><strong><em>περὶ</em></strong></span> <span class='ocrx_word' id='word_1_75' title='bbox 557 1271 605 1348; x_wconf 86' lang='grc' dir='ltr'><strong><em>ῶν</em></strong></span> <span class='ocrx_word' id='word_1_76' title='bbox 637 1283 703 1348; x_wconf 84' lang='grc' dir='ltr'><strong><em>νῦν</em></strong></span> <span class='ocrx_word' id='word_1_77' title='bbox 735 1281 844 1366; x_wconf 88' lang='grc' dir='ltr'><strong><em>λέγειν</em></strong></span> <span class='ocrx_word' id='word_1_78' title='bbox 875 1279 1081 1370; x_wconf 81' lang='grc' dir='ltr'><strong><em>μακρότερον</em></strong></span> 
     </span>
     <span class='ocr_line' id='line_1_12' title="bbox 62 1383 430 1475; baseline -0.003 -20"><span class='ocrx_word' id='word_1_79' title='bbox 62 1383 108 1455; x_wconf 83' lang='grc' dir='ltr'><strong><em>ἀν</em></strong></span> <span class='ocrx_word' id='word_1_80' title='bbox 134 1395 185 1474; x_wconf 80' lang='grc' dir='ltr'><strong><em>εἴη</em></strong></span> <span class='ocrx_word' id='word_1_81' title='bbox 214 1389 275 1454; x_wconf 80' lang='grc' dir='ltr'><strong><em>τοῦ</em></strong></span> <span class='ocrx_word' id='word_1_82' title='bbox 302 1388 430 1475; x_wconf 82' lang='grc' dir='ltr'><strong><em>καιροῦ.</em></strong></span> 
     </span>
    </p>

    <p class='ocr_par' dir='ltr' id='par_1_5' title="bbox 62 1488 1082 1795">
     <span class='ocr_line' id='line_1_13' title="bbox 145 1488 1082 1583; baseline -0.001 -21"><span class='ocrx_word' id='word_1_83' title='bbox 145 1492 330 1581; x_wconf 86' lang='grc' dir='ltr'><strong><em>Γενόμενος</em></strong></span> <span class='ocrx_word' id='word_1_84' title='bbox 365 1492 402 1560; x_wconf 71' lang='grc' dir='ltr'><strong><em>δὲ</em></strong></span> <span class='ocrx_word' id='word_1_85' title='bbox 434 1488 489 1578; x_wconf 78' lang='grc' dir='ltr'><strong><em>ἐφ’</em></strong></span> <span class='ocrx_word' id='word_1_86' title='bbox 530 1488 674 1580; x_wconf 79' lang='grc' dir='ltr'><strong><em>ἡλικίας,</em></strong></span> <span class='ocrx_word' id='word_1_87' title='bbox 711 1494 767 1560; x_wconf 78' lang='grc' dir='ltr'><strong><em>καὶ</em></strong></span> <span class='ocrx_word' id='word_1_88' title='bbox 804 1494 850 1583; x_wconf 76' lang='grc' dir='ltr'><strong><em>τῷ</em></strong></span> <span class='ocrx_word' id='word_1_89' title='bbox 888 1494 987 1581; x_wconf 77' lang='grc' dir='ltr'><strong><em>πατρὶ</em></strong></span> <span class='ocrx_word' id='word_1_90' title='bbox 1019 1491 1082 1580; x_wconf 81' lang='grc' dir='ltr'><strong><em>τὴν</em></strong></span> 
     </span>
     <span class='ocr_line' id='line_1_14' title="bbox 62 1595 1080 1689; baseline 0 -22"><span class='ocrx_word' id='word_1_91' title='bbox 62 1600 267 1689; x_wconf 73' lang='grc' dir='ltr'><strong><em>εἱμαρμένην</em></strong></span> <span class='ocrx_word' id='word_1_92' title='bbox 294 1596 451 1683; x_wconf 81' lang='grc' dir='ltr'><strong><em>τελευτὴν</em></strong></span> <span class='ocrx_word' id='word_1_93' title='bbox 479 1601 540 1666; x_wconf 78' lang='grc' dir='ltr'><strong><em>τοῦ</em></strong></span> <span class='ocrx_word' id='word_1_94' title='bbox 568 1604 728 1685; x_wconf 91' lang='grc' dir='ltr'><strong><em>δαίμονος</em></strong></span> <span class='ocrx_word' id='word_1_95' title='bbox 756 1598 843 1685; x_wconf 90' lang='grc' dir='ltr'><strong><em>μάλα</em></strong></span> <span class='ocrx_word' id='word_1_96' title='bbox 872 1595 992 1685; x_wconf 81' lang='grc' dir='ltr'><strong><em>ὀλβίαν</em></strong></span> <span class='ocrx_word' id='word_1_97' title='bbox 1019 1626 1080 1667; x_wconf 91' lang='grc' dir='ltr'><strong><em>πα-</em></strong></span> 
     </span>
     <span class='ocr_line' id='line_1_15' title="bbox 62 1700 1079 1795; baseline 0.001 -22"><span class='ocrx_word' id='word_1_98' title='bbox 62 1706 261 1793; x_wconf 91' lang='grc' dir='ltr'><strong><em>ρασχόντος,</em></strong></span> <span class='ocrx_word' id='word_1_99' title='bbox 290 1700 331 1773; x_wconf 78' lang='grc' dir='ltr'><strong><em>οὗ</em></strong></span> <span class='ocrx_word' id='word_1_100' title='bbox 359 1703 465 1791; x_wconf 92' lang='grc' dir='ltr'><strong><em>μόνον</em></strong></span> <span class='ocrx_word' id='word_1_101' title='bbox 493 1706 539 1795; x_wconf 77' lang='grc' dir='ltr'><strong><em>τῶ</em></strong></span> <span class='ocrx_word' id='word_1_102' title='bbox 566 1704 689 1790; x_wconf 77' lang='grc' dir='ltr'><strong><em>πλήθει</em></strong></span> <span class='ocrx_word' id='word_1_103' title='bbox 717 1706 773 1772; x_wconf 79' lang='grc' dir='ltr'><strong><em>καὶ</em></strong></span> <span class='ocrx_word' id='word_1_104' title='bbox 792 1704 903 1772; x_wconf 81' lang='grc' dir='ltr'><strong><em>κάλλει</em></strong></span> <span class='ocrx_word' id='word_1_105' title='bbox 921 1707 989 1772; x_wconf 86' lang='grc' dir='ltr'><strong><em>τῶν</em></strong></span> <span class='ocrx_word' id='word_1_106' title='bbox 1008 1708 1079 1774; x_wconf 85' lang='grc' dir='ltr'><strong><em>έπε-</em></strong></span> 
     </span>
    </p>

    <p class='ocr_par' dir='ltr' id='par_1_6' title="bbox 21 1808 1121 2331">
     <span class='ocr_line' id='line_1_16' title="bbox 21 1808 1081 1900; baseline 0.005 -27"><span class='ocrx_word' id='word_1_107' title='bbox 21 1834 49 1874; x_wconf 81' lang='lat'><strong><em>15</em></strong></span> <span class='ocrx_word' id='word_1_108' title='bbox 62 1813 253 1898; x_wconf 76' lang='grc' dir='ltr'><strong><em>νεχδέντων</em></strong></span> <span class='ocrx_word' id='word_1_109' title='bbox 280 1808 342 1879; x_wconf 83' lang='grc' dir='ltr'><strong><em>τόν</em></strong></span> <span class='ocrx_word' id='word_1_110' title='bbox 369 1809 479 1896; x_wconf 88' lang='grc' dir='ltr'><strong><em>τάφον</em></strong></span> <span class='ocrx_word' id='word_1_111' title='bbox 504 1809 667 1897; x_wconf 85' lang='grc' dir='ltr'><strong><em>έκόσμεις,</em></strong></span> <span class='ocrx_word' id='word_1_112' title='bbox 696 1810 857 1896; x_wconf 88' lang='grc' dir='ltr'><strong><em>γενέσεως</em></strong></span> <span class='ocrx_word' id='word_1_113' title='bbox 879 1811 935 1878; x_wconf 79' lang='grc' dir='ltr'><strong><em>καὶ</em></strong></span> <span class='ocrx_word' id='word_1_114' title='bbox 954 1815 1081 1900; x_wconf 83' lang='grc' dir='ltr'><strong><em>τροφης</em></strong></span> 
     </span>
     <span class='ocr_line' id='line_1_17' title="bbox 61 1913 1121 2008; baseline -0.004 -21"><span class='ocrx_word' id='word_1_115' title='bbox 61 1914 232 1987; x_wconf 83' lang='grc' dir='ltr'><strong><em>ἀποτίνων</em></strong></span> <span class='ocrx_word' id='word_1_116' title='bbox 263 1913 304 1983; x_wconf 86' lang='grc' dir='ltr'><strong><em>τά</em></strong></span> <span class='ocrx_word' id='word_1_117' title='bbox 332 1916 542 2006; x_wconf 83' lang='grc' dir='ltr'><strong><em>χαριστήρια,</em></strong></span> <span class='ocrx_word' id='word_1_118' title='bbox 574 1914 662 1985; x_wconf 81' lang='grc' dir='ltr'><strong><em>πολὺ</em></strong></span> <span class='ocrx_word' id='word_1_119' title='bbox 695 1916 732 1984; x_wconf 72' lang='grc' dir='ltr'><strong><em>δὲ</em></strong></span> <span class='ocrx_word' id='word_1_120' title='bbox 764 1918 865 1985; x_wconf 83' lang='grc' dir='ltr'><strong><em>πλέον</em></strong></span> <span class='ocrx_word' id='word_1_121' title='bbox 897 1919 943 2008; x_wconf 76' lang='grc' dir='ltr'><strong><em>τῷ</em></strong></span> <span class='ocrx_word' id='word_1_122' title='bbox 975 1918 1121 2004; x_wconf 92' lang='grc' dir='ltr'><strong><em>μόνοςΙ)</em></strong></span> 
     </span>
     <span class='ocr_line' id='line_1_18' title="bbox 60 2008 1079 2110; baseline -0.001 -18"><span class='ocrx_word' id='word_1_123' title='bbox 60 2024 98 2092; x_wconf 84' lang='grc' dir='ltr'><strong><em>έκ</em></strong></span> <span class='ocrx_word' id='word_1_124' title='bbox 125 2023 262 2092; x_wconf 89' lang='grc' dir='ltr'><strong><em>πάντων</em></strong></span> <span class='ocrx_word' id='word_1_125' title='bbox 289 2025 357 2090; x_wconf 85' lang='grc' dir='ltr'><strong><em>τῶν</em></strong></span> <span class='ocrx_word' id='word_1_126' title='bbox 385 2025 516 2090; x_wconf 81' lang='grc' dir='ltr'><strong><em>ἐκείνου</em></strong></span> <span class='ocrx_word' id='word_1_127' title='bbox 548 2026 680 2090; x_wconf 88' lang='grc' dir='ltr'><strong><em>παίδων</em></strong></span> <span class='ocrx_word' id='word_1_128' title='bbox 709 2026 828 2105; x_wconf 79' lang='grc' dir='ltr'><strong><em>ζῶντος</em></strong></span> <span class='ocrx_word' id='word_1_129' title='bbox 859 2022 920 2110; x_wconf 73' lang='grc' dir='ltr'><strong><em>μὲν</em></strong></span> <span class='ocrx_word' id='word_1_130' title='bbox 948 2028 995 2090; x_wconf 84' lang='grc' dir='ltr'><strong><em>έτι</em></strong></span> <span class='ocrx_word' id='word_1_131' title='bbox 1023 2008 1079 2092; x_wconf 84' lang='grc' dir='ltr'><strong><em>καὶ</em></strong></span> 
     </span>
     <span class='ocr_line' id='line_1_19' title="bbox 60 2124 1078 2219; baseline -0.001 -21"><span class='ocrx_word' id='word_1_132' title='bbox 60 2131 255 2218; x_wconf 79' lang='grc' dir='ltr'><strong><em>πιεζομένου</em></strong></span> <span class='ocrx_word' id='word_1_133' title='bbox 287 2132 327 2217; x_wconf 72' lang='grc' dir='ltr'><strong><em>τῇ</em></strong></span> <span class='ocrx_word' id='word_1_134' title='bbox 359 2129 448 2219; x_wconf 78' lang='grc' dir='ltr'><strong><em>νόσω</em></strong></span> <span class='ocrx_word' id='word_1_135' title='bbox 482 2127 565 2217; x_wconf 86' lang='grc' dir='ltr'><strong><em>πρὸς</em></strong></span> <span class='ocrx_word' id='word_1_136' title='bbox 598 2124 702 2196; x_wconf 68' lang='grc' dir='ltr'><strong><em>αὐτῶν</em></strong></span> <span class='ocrx_word' id='word_1_137' title='bbox 735 2124 892 2217; x_wconf 79' lang='grc' dir='ltr'><strong><em>ὁρμῆσαι,</em></strong></span> <span class='ocrx_word' id='word_1_138' title='bbox 929 2130 1078 2218; x_wconf 80' lang='grc' dir='ltr'><strong><em>τελευτη-</em></strong></span> 
     </span>
     <span class='ocr_line' id='line_1_20' title="bbox 62 2228 1079 2331; baseline 0.001 -28"><span class='ocrx_word' id='word_1_139' title='bbox 62 2256 184 2317; x_wconf 91' lang='grc' dir='ltr'><strong><em>σαντος</em></strong></span> <span class='ocrx_word' id='word_1_140' title='bbox 215 2235 253 2303; x_wconf 73' lang='grc' dir='ltr'><strong><em>δὲ</em></strong></span> <span class='ocrx_word' id='word_1_141' title='bbox 279 2233 338 2316; x_wconf 88' lang='grc' dir='ltr'><strong><em>τάς</em></strong></span> <span class='ocrx_word' id='word_1_142' title='bbox 365 2241 519 2331; x_wconf 79' lang='grc' dir='ltr'><strong><em>μεγίστας</em></strong></span> <span class='ocrx_word' id='word_1_143' title='bbox 546 2231 641 2321; x_wconf 87' lang='grc' dir='ltr'><strong><em>τιμάς</em></strong></span> <span class='ocrx_word' id='word_1_144' title='bbox 668 2237 885 2321; x_wconf 77' lang='grc' dir='ltr'><strong><em>καταστῆσαι,</em></strong></span> <span class='ocrx_word' id='word_1_145' title='bbox 917 2230 1002 2322; x_wconf 70' lang='grc' dir='ltr'><strong><em>ὑπὲρ</em></strong></span> <span class='ocrx_word' id='word_1_146' title='bbox 1030 2228 1079 2304; x_wconf 86' lang='grc' dir='ltr'><strong><em>ῶν</em></strong></span> 
     </span>
    </p>

    <p class='ocr_par' dir='ltr' id='par_1_7' title="bbox 20 2336 1079 2858">
     <span class='ocr_line' id='line_1_21' title="bbox 20 2336 1075 2432; baseline 0.003 -27"><span class='ocrx_word' id='word_1_147' title='bbox 20 2341 202 2432; x_wconf 80' lang='grc' dir='ltr'><strong><em>τοέξαρκεῑΙ</em></strong></span> <span class='ocrx_word' id='word_1_148' title='bbox 222 2342 278 2410; x_wconf 79' lang='grc' dir='ltr'><strong><em>καὶ</em></strong></span> <span class='ocrx_word' id='word_1_149' title='bbox 310 2339 347 2410; x_wconf 88' lang='grc' dir='ltr'><strong><em>τὸ</em></strong></span> <span class='ocrx_word' id='word_1_150' title='bbox 380 2343 582 2429; x_wconf 79' lang='grc' dir='ltr'><strong><em>μνησθῆναι.</em></strong></span> <span class='ocrx_word' id='word_1_151' title='bbox 633 2343 773 2409; x_wconf 82' lang='grc' dir='ltr'><strong><em>καλοῦσι</em></strong></span> <span class='ocrx_word' id='word_1_152' title='bbox 806 2338 869 2430; x_wconf 89' lang='grc' dir='ltr'><strong><em>γάρ</em></strong></span> <span class='ocrx_word' id='word_1_153' title='bbox 902 2336 989 2429; x_wconf 80' lang='grc' dir='ltr'><strong><em>ἡμᾶς</em></strong></span> <span class='ocrx_word' id='word_1_154' title='bbox 1021 2340 1075 2429; x_wconf 81' lang='grc' dir='ltr'><strong><em>ἐφ’</em></strong></span> 
     </span>
     <span class='ocr_line' id='line_1_22' title="bbox 60 2443 1078 2538; baseline -0.003 -21"><span class='ocrx_word' id='word_1_155' title='bbox 60 2444 165 2530; x_wconf 78' lang='grc' dir='ltr'><strong><em>αὑτάς</em></strong></span> <span class='ocrx_word' id='word_1_156' title='bbox 193 2452 231 2516; x_wconf 84' lang='grc' dir='ltr'><strong><em>αί</em></strong></span> <span class='ocrx_word' id='word_1_157' title='bbox 259 2448 391 2538; x_wconf 83' lang='grc' dir='ltr'><strong><em>πράξεις</em></strong></span> <span class='ocrx_word' id='word_1_158' title='bbox 423 2443 736 2535; x_wconf 73' lang='grc' dir='ltr'><strong><em>ὑπομιμνήσκονται</em></strong></span> <span class='ocrx_word' id='word_1_159' title='bbox 769 2449 827 2535; x_wconf 78' lang='grc' dir='ltr'><strong><em>τῆς</em></strong></span> <span class='ocrx_word' id='word_1_160' title='bbox 859 2446 986 2536; x_wconf 81' lang='grc' dir='ltr'><strong><em>ῥῶμης,</em></strong></span> <span class='ocrx_word' id='word_1_161' title='bbox 1019 2451 1078 2536; x_wconf 81' lang='grc' dir='ltr'><strong><em>τῆς</em></strong></span> 
     </span>
     <span class='ocr_line' id='line_1_23' title="bbox 60 2549 1079 2642; baseline -0.002 -18"><span class='ocrx_word' id='word_1_162' title='bbox 60 2551 241 2642; x_wconf 74' lang='grc' dir='ltr'><strong><em>εὐψυχίας,</em></strong></span> <span class='ocrx_word' id='word_1_163' title='bbox 278 2551 456 2642; x_wconf 83' lang='grc' dir='ltr'><strong><em>εὐβουλίας</em></strong></span> <span class='ocrx_word' id='word_1_164' title='bbox 491 2580 526 2622; x_wconf 89' lang='grc' dir='ltr'><strong><em>τε</em></strong></span> <span class='ocrx_word' id='word_1_165' title='bbox 563 2550 631 2641; x_wconf 79' lang='grc' dir='ltr'><strong><em>ἅμα</em></strong></span> <span class='ocrx_word' id='word_1_166' title='bbox 667 2555 723 2623; x_wconf 79' lang='grc' dir='ltr'><strong><em>καὶ</em></strong></span> <span class='ocrx_word' id='word_1_167' title='bbox 762 2554 990 2641; x_wconf 92' lang='grc' dir='ltr'><strong><em>δικαιότητος,</em></strong></span> <span class='ocrx_word' id='word_1_168' title='bbox 1028 2549 1079 2634; x_wconf 84' lang='grc' dir='ltr'><strong><em>οἷς</em></strong></span> 
     </span>
     <span class='ocr_line' id='line_1_24' title="bbox 59 2656 1078 2749; baseline -0.001 -20"><span class='ocrx_word' id='word_1_169' title='bbox 59 2658 186 2749; x_wconf 83' lang='grc' dir='ltr'><strong><em>ἀμαχος</em></strong></span> <span class='ocrx_word' id='word_1_170' title='bbox 214 2658 335 2748; x_wconf 76' lang='grc' dir='ltr'><strong><em>ῶφδης</em></strong></span> <span class='ocrx_word' id='word_1_171' title='bbox 360 2662 417 2729; x_wconf 84' lang='grc' dir='ltr'><strong><em>καὶ</em></strong></span> <span class='ocrx_word' id='word_1_172' title='bbox 445 2656 708 2748; x_wconf 85' lang='grc' dir='ltr'><strong><em>ἀνυπέρβλητος,</em></strong></span> <span class='ocrx_word' id='word_1_173' title='bbox 735 2658 776 2728; x_wconf 88' lang='grc' dir='ltr'><strong><em>τά</em></strong></span> <span class='ocrx_word' id='word_1_174' title='bbox 803 2658 864 2747; x_wconf 72' lang='grc' dir='ltr'><strong><em>μὲν</em></strong></span> <span class='ocrx_word' id='word_1_175' title='bbox 892 2658 975 2749; x_wconf 90' lang='grc' dir='ltr'><strong><em>πρὸς</em></strong></span> <span class='ocrx_word' id='word_1_176' title='bbox 998 2658 1078 2741; x_wconf 85' lang='grc' dir='ltr'><strong><em>τοὺς</em></strong></span> 
     </span>
     <span class='ocr_line' id='line_1_25' title="bbox 58 2763 1077 2858; baseline 0 -24"><span class='ocrx_word' id='word_1_177' title='bbox 58 2763 229 2854; x_wconf 80' lang='grc' dir='ltr'><strong><em>ἀδελφοὺς</em></strong></span> <span class='ocrx_word' id='word_1_178' title='bbox 261 2768 317 2835; x_wconf 80' lang='grc' dir='ltr'><strong><em>καὶ</em></strong></span> <span class='ocrx_word' id='word_1_179' title='bbox 348 2765 428 2847; x_wconf 84' lang='grc' dir='ltr'><strong><em>τοὺς</em></strong></span> <span class='ocrx_word' id='word_1_180' title='bbox 458 2772 595 2846; x_wconf 88' lang='grc' dir='ltr'><strong><em>πολίτας</em></strong></span> <span class='ocrx_word' id='word_1_181' title='bbox 625 2767 681 2835; x_wconf 79' lang='grc' dir='ltr'><strong><em>καὶ</em></strong></span> <span class='ocrx_word' id='word_1_182' title='bbox 712 2765 792 2846; x_wconf 87' lang='grc' dir='ltr'><strong><em>τοὺς</em></strong></span> <span class='ocrx_word' id='word_1_183' title='bbox 819 2765 996 2858; x_wconf 75' lang='grc' dir='ltr'><strong><em>πατρῴους</em></strong></span> <span class='ocrx_word' id='word_1_184' title='bbox 1023 2786 1077 2834; x_wconf 91' lang='grc' dir='ltr'><strong><em>σοι</em></strong></span> 
     </span>
    </p>

    <p class='ocr_par' dir='ltr' id='par_1_8' title="bbox 19 2871 1129 3176">
     <span class='ocr_line' id='line_1_26' title="bbox 19 2871 1129 2963; baseline -0.002 -22"><span class='ocrx_word' id='word_1_185' title='bbox 19 2892 46 2935; x_wconf 78' lang='lat'><strong><em>2⁵</em></strong></span> <span class='ocrx_word' id='word_1_186' title='bbox 59 2878 182 2961; x_wconf 88' lang='grc' dir='ltr'><strong><em>φίλους</em></strong></span> <span class='ocrx_word' id='word_1_187' title='bbox 212 2875 269 2942; x_wconf 75' lang='grc' dir='ltr'><strong><em>καὶ</em></strong></span> <span class='ocrx_word' id='word_1_188' title='bbox 301 2871 341 2941; x_wconf 86' lang='grc' dir='ltr'><strong><em>τά</em></strong></span> <span class='ocrx_word' id='word_1_189' title='bbox 372 2873 599 2963; x_wconf 81' lang='grc' dir='ltr'><strong><em>στρατεύματα</em></strong></span> <span class='ocrx_word' id='word_1_190' title='bbox 632 2878 768 2953; x_wconf 77' lang='grc' dir='ltr'><strong><em>δικαίως</em></strong></span> <span class='ocrx_word' id='word_1_191' title='bbox 800 2873 855 2940; x_wconf 76' lang='grc' dir='ltr'><strong><em>καὶ</em></strong></span> <span class='ocrx_word' id='word_1_192' title='bbox 892 2872 1077 2961; x_wconf 88' lang='grc' dir='ltr'><strong><em>σωφρόνως</em></strong></span> <span class='ocrx_word' id='word_1_193' title='bbox 1096 2882 1129 2930; x_wconf 82' lang='grc'><strong><em>17</em></strong></span> 
     </span>
     <span class='ocr_line' id='line_1_27' title="bbox 59 2974 1074 3069; baseline -0.001 -22"><span class='ocrx_word' id='word_1_194' title='bbox 59 2980 360 3069; x_wconf 81' lang='grc' dir='ltr'><strong><em>καταστησόμενος·</em></strong></span> <span class='ocrx_word' id='word_1_195' title='bbox 388 2978 476 3068; x_wconf 83' lang='grc' dir='ltr'><strong><em>πλὴν</em></strong></span> <span class='ocrx_word' id='word_1_196' title='bbox 504 2988 538 3047; x_wconf 82' lang='grc' dir='ltr'><strong><em>εί</em></strong></span> <span class='ocrx_word' id='word_1_197' title='bbox 560 3004 627 3047; x_wconf 93' lang='grc' dir='ltr'><strong><em>που</em></strong></span> <span class='ocrx_word' id='word_1_198' title='bbox 655 2979 808 3065; x_wconf 75' lang='grc' dir='ltr'><strong><em>βιασθεὶς</em></strong></span> <span class='ocrx_word' id='word_1_199' title='bbox 827 2974 893 3046; x_wconf 88' lang='grc' dir='ltr'><strong><em>ὑπὸ</em></strong></span> <span class='ocrx_word' id='word_1_200' title='bbox 911 2981 979 3046; x_wconf 88' lang='grc' dir='ltr'><strong><em>τῶν</em></strong></span> <span class='ocrx_word' id='word_1_201' title='bbox 1004 3006 1074 3046; x_wconf 91' lang='grc' dir='ltr'><strong><em>και-</em></strong></span> 
     </span>
     <span class='ocr_line' id='line_1_28' title="bbox 59 3082 1075 3176; baseline -0.004 -21"><span class='ocrx_word' id='word_1_202' title='bbox 59 3089 130 3175; x_wconf 83' lang='grc' dir='ltr'><strong><em>ρῶν</em></strong></span> <span class='ocrx_word' id='word_1_203' title='bbox 156 3084 248 3155; x_wconf 78' lang='grc' dir='ltr'><strong><em>ἄκων</em></strong></span> <span class='ocrx_word' id='word_1_204' title='bbox 276 3088 409 3176; x_wconf 80' lang='grc' dir='ltr'><strong><em>ἑτέρους</em></strong></span> <span class='ocrx_word' id='word_1_205' title='bbox 436 3087 629 3174; x_wconf 80' lang='grc' dir='ltr'><strong><em>ἐξαμαρτεῖν</em></strong></span> <span class='ocrx_word' id='word_1_206' title='bbox 654 3082 695 3153; x_wconf 81' lang='grc' dir='ltr'><strong><em>οὐ</em></strong></span> <span class='ocrx_word' id='word_1_207' title='bbox 720 3084 936 3164; x_wconf 81' lang='grc' dir='ltr'><strong><em>διεκώλυσας·</em></strong></span> <span class='ocrx_word' id='word_1_208' title='bbox 973 3082 1013 3151; x_wconf 86' lang='grc' dir='ltr'><strong><em>τά</em></strong></span> <span class='ocrx_word' id='word_1_209' title='bbox 1038 3083 1075 3152; x_wconf 72' lang='grc' dir='ltr'><strong><em>δὲ</em></strong></span> 
     </span>
    </p>

    <p class='ocr_par' dir='ltr' id='par_1_9' title="bbox 57 3220 1075 3436">
     <span class='ocr_line' id='line_1_29' title="bbox 129 3220 1075 3305; baseline -0.006 -18"><span class='ocrx_word' id='word_1_210' title='bbox 129 3234 271 3288; x_wconf 86' lang='grc' dir='ltr'><strong><em>ῙΛυδῶν</em></strong></span> <span class='ocrx_word' id='word_1_211' title='bbox 288 3234 326 3302; x_wconf 89' lang='grc' dir='ltr'><strong><em>Μ]</em></strong></span> <span class='ocrx_word' id='word_1_212' title='bbox 349 3233 438 3305; x_wconf 81' lang='grc' dir='ltr'><strong><em>Λυδῷ</em></strong></span> <span class='ocrx_word' id='word_1_213' title='bbox 507 3231 599 3301; x_wconf 76' lang='grc' dir='ltr'><strong><em>9μὲν</em></strong></span> <span class='ocrx_word' id='word_1_214' title='bbox 617 3226 690 3300; x_wconf 79' lang='grc' dir='ltr'><strong><em>ὄντι]</em></strong></span> <span class='ocrx_word' id='word_1_215' title='bbox 714 3229 766 3300; x_wconf 77' lang='grc' dir='ltr'><strong><em>μὲν</em></strong></span> <span class='ocrx_word' id='word_1_216' title='bbox 789 3220 843 3286; x_wconf 82' lang='grc' dir='ltr'><strong><em>οὖν</em></strong></span> <span class='ocrx_word' id='word_1_217' title='bbox 866 3224 928 3284; x_wconf 88' lang='grc' dir='ltr'><strong><em>όντι</em></strong></span> <span class='ocrx_word' id='word_1_218' title='bbox 947 3235 973 3282; x_wconf 92' lang='grc' dir='ltr'><strong><em>ΙΙ</em></strong></span> <span class='ocrx_word' id='word_1_219' title='bbox 1043 3235 1075 3282; x_wconf 85' lang='grc'><strong><em>15</em></strong></span> 
     </span>
     <span class='ocr_line' id='line_1_30' title="bbox 58 3295 1075 3370; baseline -0.009 -13"><span class='ocrx_word' id='word_1_220' title='bbox 58 3296 190 3370; x_wconf 77' lang='grc' dir='ltr'><strong><em>ίιιόσμεις</em></strong></span> <span class='ocrx_word' id='word_1_221' title='bbox 213 3304 280 3354; x_wconf 81' lang='lat' dir='ltr'><strong>Rsk.</strong></span> <span class='ocrx_word' id='word_1_222' title='bbox 301 3311 329 3356; x_wconf 80' lang='lat' dir='ltr'><strong><em>et</em></strong></span> <span class='ocrx_word' id='word_1_223' title='bbox 346 3301 444 3369; x_wconf 79' lang='lat' dir='ltr'><strong>wytt.]</strong></span> <span class='ocrx_word' id='word_1_224' title='bbox 469 3295 583 3369; x_wconf 72' lang='grc' dir='ltr'><strong><em>ἐκόσμει</em></strong></span> <span class='ocrx_word' id='word_1_225' title='bbox 611 3306 615 3367; x_wconf 80' lang='grc' dir='ltr'>Ι</span> <span class='ocrx_word' id='word_1_226' title='bbox 636 3299 781 3369; x_wconf 79' lang='grc' dir='ltr'><strong><em>γενέσεως]</em></strong></span> <span class='ocrx_word' id='word_1_227' title='bbox 805 3300 944 3367; x_wconf 85' lang='grc' dir='ltr'><strong><em>γενναίως</em></strong></span> <span class='ocrx_word' id='word_1_228' title='bbox 966 3302 990 3350; x_wconf 93' lang='lat' dir='ltr'>V</span> <span class='ocrx_word' id='word_1_229' title='bbox 1042 3303 1075 3349; x_wconf 75' lang='lat'><strong><em>20</em></strong></span> 
     </span>
     <span class='ocr_line' id='line_1_31' title="bbox 57 3360 1074 3436; baseline -0.005 -13"><span class='ocrx_word' id='word_1_230' title='bbox 57 3366 176 3436; x_wconf 72' lang='grc' dir='ltr'><strong><em>ἐξαρκεῖ</em></strong></span> <span class='ocrx_word' id='word_1_231' title='bbox 195 3372 256 3422; x_wconf 77' lang='lat' dir='ltr'><strong>Pet.</strong></span> <span class='ocrx_word' id='word_1_232' title='bbox 278 3379 307 3423; x_wconf 80' lang='lat' dir='ltr'><strong><em>et</em></strong></span> <span class='ocrx_word' id='word_1_233' title='bbox 327 3373 368 3422; x_wconf 82' lang='lat' dir='ltr'><strong><em>Pe</em></strong></span> <span class='ocrx_word' id='word_1_234' title='bbox 390 3378 463 3422; x_wconf 80' lang='lat' dir='ltr'><strong>teste</strong></span> <span class='ocrx_word' id='word_1_235' title='bbox 489 3372 609 3434; x_wconf 80' lang='lat' dir='ltr'>Heylero</span> <span class='ocrx_word' id='word_1_236' title='bbox 636 3371 669 3421; x_wconf 83' lang='lat' dir='ltr'><strong><em>ad</em></strong></span> <span class='ocrx_word' id='word_1_237' title='bbox 692 3371 781 3435; x_wconf 77' lang='lat' dir='ltr'><strong>Epist.</strong></span> <span class='ocrx_word' id='word_1_238' title='bbox 804 3387 829 3435; x_wconf 89' lang='lat' dir='ltr'><strong><em>p.</em></strong></span> <span class='ocrx_word' id='word_1_239' title='bbox 848 3366 908 3434; x_wconf 78' lang='lat'><strong>335]</strong></span> <span class='ocrx_word' id='word_1_240' title='bbox 932 3360 962 3430; x_wconf 74' lang='grc' dir='ltr'><strong><em>ἐξ</em></strong></span> <span class='ocrx_word' id='word_1_241' title='bbox 985 3360 1074 3432; x_wconf 74' lang='grc' dir='ltr'><strong><em>ἀρχῆς</em></strong></span> 
     </span>
    </p>
   </div>
   <div class='ocr_carea' id='block_1_3' title="bbox 57 3430 1075 3571">
    <p class='ocr_par' dir='ltr' id='par_1_10' title="bbox 57 3430 1075 3571">
     <span class='ocr_line' id='line_1_32' title="bbox 57 3430 1075 3503; baseline -0.009 -11"><span class='ocrx_word' id='word_1_242' title='bbox 57 3442 91 3491; x_wconf 72' lang='lat'><strong><em>24</em></strong></span> <span class='ocrx_word' id='word_1_243' title='bbox 112 3454 158 3492; x_wconf 81' lang='grc' dir='ltr'><strong><em>τοι</em></strong></span> <span class='ocrx_word' id='word_1_244' title='bbox 181 3439 216 3503; x_wconf 86' lang='lat' dir='ltr'><strong><em>Vl</em></strong></span> <span class='ocrx_word' id='word_1_245' title='bbox 237 3454 300 3491; x_wconf 81' lang='grc' dir='ltr'><strong><em>σου.</em></strong></span> <span class='ocrx_word' id='word_1_246' title='bbox 337 3441 373 3489; x_wconf 84' lang='lat' dir='ltr'><strong><em>cf.</em></strong></span> <span class='ocrx_word' id='word_1_247' title='bbox 395 3439 476 3490; x_wconf 75' lang='lat'><strong>2590</strong></span> <span class='ocrx_word' id='word_1_248' title='bbox 501 3441 550 3490; x_wconf 78' lang='lat'><strong><em>277</em></strong></span> <span class='ocrx_word' id='word_1_249' title='bbox 562 3439 582 3488; x_wconf 81' lang='lat' dir='ltr'><em>O</em></span> <span class='ocrx_word' id='word_1_250' title='bbox 606 3439 687 3489; x_wconf 79' lang='lat'>3650</span> <span class='ocrx_word' id='word_1_251' title='bbox 765 3440 799 3489; x_wconf 77' lang='lat'><strong><em>26</em></strong></span> <span class='ocrx_word' id='word_1_252' title='bbox 822 3430 1075 3501; x_wconf 75' lang='grc' dir='ltr'><strong><em>καταστησάμενος</em></strong></span> 
     </span>
     <span class='ocr_line' id='line_1_33' title="bbox 58 3496 1074 3571; baseline -0.008 -14"><span class='ocrx_word' id='word_1_253' title='bbox 58 3514 107 3559; x_wconf 75' lang='lat' dir='ltr'><strong><em>aut</em></strong></span> <span class='ocrx_word' id='word_1_254' title='bbox 123 3507 150 3559; x_wconf 83' lang='lat' dir='ltr'><strong><em>h.</em></strong></span> <span class='ocrx_word' id='word_1_255' title='bbox 163 3507 181 3557; x_wconf 90' lang='lat' dir='ltr'><strong><em>l.</em></strong></span> <span class='ocrx_word' id='word_1_256' title='bbox 196 3512 244 3557; x_wconf 78' lang='lat' dir='ltr'><strong><em>aut</em></strong></span> <span class='ocrx_word' id='word_1_257' title='bbox 262 3524 288 3571; x_wconf 84' lang='lat' dir='ltr'><strong><em>p.</em></strong></span> <span class='ocrx_word' id='word_1_258' title='bbox 298 3510 340 3568; x_wconf 78' lang='lat'><strong><em>20,</em></strong></span> <span class='ocrx_word' id='word_1_259' title='bbox 351 3509 367 3557; x_wconf 79' lang='lat'>2</span> <span class='ocrx_word' id='word_1_260' title='bbox 379 3511 433 3558; x_wconf 79' lang='lat' dir='ltr'><strong><em>et3</em></strong></span> <span class='ocrx_word' id='word_1_261' title='bbox 452 3507 572 3558; x_wconf 84' lang='lat' dir='ltr'><strong>deletum</strong></span> <span class='ocrx_word' id='word_1_262' title='bbox 584 3506 645 3556; x_wconf 84' lang='lat' dir='ltr'><strong>vult</strong></span> <span class='ocrx_word' id='word_1_263' title='bbox 657 3507 723 3556; x_wconf 84' lang='lat' dir='ltr'><strong>Rsk.</strong></span> <span class='ocrx_word' id='word_1_264' title='bbox 771 3507 803 3555; x_wconf 69' lang='grc' dir='ltr'><strong><em>λλ</em></strong></span> <span class='ocrx_word' id='word_1_265' title='bbox 822 3496 936 3569; x_wconf 66' lang='grc' dir='ltr'><strong><em>ἑτέρους</em></strong></span> <span class='ocrx_word' id='word_1_266' title='bbox 955 3498 1074 3566; x_wconf 66' lang='grc' dir='ltr'><strong><em>δελετεδ]</em></strong></span> 
     </span>
    </p>
   </div>
   <div class='ocr_carea' id='block_1_4' title="bbox 56 3566 860 3707">
    <p class='ocr_par' dir='ltr' id='par_1_11' title="bbox 56 3566 860 3707">
     <span class='ocr_line' id='line_1_34' title="bbox 56 3566 860 3684; baseline -0.001 -57"><span class='ocrx_word' id='word_1_267' title='bbox 56 3568 164 3641; x_wconf 73' lang='grc' dir='ltr'><strong><em>ἑτέροις</em></strong></span> <span class='ocrx_word' id='word_1_268' title='bbox 179 3576 184 3638; x_wconf 71' lang='grc' dir='ltr'>ἱ</span> <span class='ocrx_word' id='word_1_269' title='bbox 198 3566 236 3626; x_wconf 80' lang='grc' dir='ltr'><strong><em>τὰ</em></strong></span> <span class='ocrx_word' id='word_1_270' title='bbox 253 3570 286 3626; x_wconf 68' lang='grc' dir='ltr'><strong><em>δὲ</em></strong></span> <span class='ocrx_word' id='word_1_271' title='bbox 304 3573 372 3641; x_wconf 82' lang='lat' dir='ltr'><strong><em>VM]</em></strong></span> <span class='ocrx_word' id='word_1_272' title='bbox 390 3567 422 3626; x_wconf 84' lang='grc' dir='ltr'><strong><em>τό</em></strong></span> <span class='ocrx_word' id='word_1_273' title='bbox 443 3569 475 3627; x_wconf 73' lang='grc' dir='ltr'><strong><em>δὲ</em></strong></span> <span class='ocrx_word' id='word_1_274' title='bbox 845 3652 860 3684; x_wconf 67' lang='lat'>*</span> 
     </span>
     <span class='ocr_line' id='line_1_35' title="bbox 823 3659 839 3707; baseline 0 0"><span class='ocrx_word' id='word_1_275' title='bbox 823 3659 839 3707; x_wconf 79' lang='grc'><strong>2</strong></span> 
     </span>
    </p>
   </div>
   <div class='ocr_carea' id='block_1_5' title="bbox 0 0 1200 3960">
    <p class='ocr_par' dir='ltr' id='par_1_12' title="bbox 0 0 1200 3960">
     <span class='ocr_line' id='line_1_36' title="bbox 0 0 1200 3960; baseline 0 3"><span class='ocrx_word' id='word_1_276' title='bbox 0 0 1200 3960; x_wconf 95' lang='lat' dir='ltr'><strong><em> </em></strong></span> 
     </span>
    </p>
   </div>
  </div>
 </body>
</html>
