2392 3960
412 196 548 248 οιεεωιο
566 197 588 249 1.
967 196 1009 261 35

26 325 48 393 tl
85 323 254 410 θαλάττης
289 319 414 413 άνδρδς
442 321 602 412 Ἕλληνος
638 319 757 412 ἡττᾶτο
794 329 916 412 σοφίας
952 326 1008 393 καὶ

26 430 106 519 όμης
143 433 355 518 στρατιωτῶν
392 427 434 499 ού
466 432 600 520 τρυφάν
631 431 895 520 μεμελετηκότων
928 428 1008 500 οὐδὲ

26 536 185 622 ινλεύειν,
218 532 290 604 ἄλλ’
321 538 506 628 ἐλευθέρως
538 534 701 628 άρχεσθαι
729 538 785 605 καὶ
811 551 929 606 πονεῖν
961 543 1006 606 εί-

26 643 111 711 ύτων.
149 638 168 710 ό
187 642 225 710 δὲ
242 656 315 722 ταῖς
332 658 557 732 παρασκευαῖς
573 642 715 712 Ιἐκείνου
743 643 1007 733 καταδεέστερος,

26 758 179 837 ιπληκτος
212 748 248 817 δὲ
280 752 408 836 μᾶλλον
439 752 495 818 καὶ
527 753 567 838 τῇ
601 756 705 839 μανίη
736 748 816 830 τοὺς
840 746 1007 831 Ἀλωάδας

26 855 282 945 τερβαλλόμενος
313 855 421 943 μόνον
450 853 525 943 ούχὶ
556 854 594 924 τὸ
624 862 767 943 πλησίον
800 852 878 944 όρος
905 859 1006 942 ἐγνω-

26 960 59 1043 ός
95 959 330 1050 ἀμφικαλύψαι
365 965 406 1051 τῇ
442 961 551 1049 πόλει,
588 963 739 1048 ἐπαφιεὶς
776 961 813 1030 δὲ
848 965 1007 1051 ποταμῶν

26 1068 140 1156 ύματα
167 1070 223 1136 καὶ
250 1066 290 1136 τὰ
317 1075 406 1156 τείχη
437 1068 597 1149 διαλύσας
625 1065 707 1138 οὐδὲ
735 1064 922 1155 ἀτειχίστου
948 1071 1051 1156 τηςχ)

26 1174 119 1255 ἷλεως
158 1174 414 1265 περιγενόμενος
455 1181 550 1262 ἔσχεν
592 1172 646 1263 ἐφ’
687 1171 751 1266 ότηι
794 1174 1008 1263 σεμνύνηται,

26 1281 145 1370 ιθάπερ
173 1276 191 1349 5
210 1282 333 1369 Ξέρξης
350 1296 423 1361 ταῖς
442 1278 601 1369 Ἀθήναις
619 1279 772 1369 ἐμβαλῶν
799 1279 862 1369 τὴν
889 1281 1007 1369 φλόγα.

26 1387 128 1475 εανῄει
160 1386 197 1454 δὲ
228 1387 394 1476 τεττάρων
425 1390 542 1475 μηνῶν
579 1384 754 1468 άναλῶσας
785 1386 909 1475 χρόνον
945 1415 1007 1474 μν-

26 1492 83 1561 άσι
114 1501 252 1573 πολλαῖς
283 1485 383 1581 ἧττον
416 1490 556 1579 άπάγων
583 1492 620 1562 τὸ
649 1492 834 1581 σράτευμα,
861 1494 917 1561 καὶ
944 1490 1007 1581 τὴν

26 1604 135 1686 τυχίαν
165 1595 337 1687 ἠγάπησεν
370 1595 387 1667 5
420 1600 571 1689 πρόσθεν
599 1596 769 1688 άφόρητος
796 1601 918 1685 δοκῶν,
945 1598 1007 1686 τὴν

26 1704 56 1792 ’χν
92 1701 255 1791 αἰσχολίαν
291 1707 347 1774 καὶ
383 1704 445 1793 τὴν
476 1708 545 1773 τῶν
576 1703 656 1795 παρ’
691 1701 772 1794 ἡμῖν
802 1704 1007 1795 πραγμάτων

26 1808 139 1899 ραχὴν
167 1807 276 1900 ῶσπερ
295 1817 400 1901 ἔρυμα
427 1814 485 1899 τῆς
508 1808 614 1881 αὑτού
640 1811 914 1902 προβαλλόμενος
941 1832 1005 1879 σω-

26 1922 112 2004 ἱρίας.
149 1921 254 1984 ταῦτα
281 1916 471 1986 καταλιπῶν
500 1920 552 1987 ἐπὶ
579 1921 638 2006 τῆς
653 1915 763 1999 Ἀσίας
789 1916 931 2008 τρόπαια
949 1919 1006 1986 καὶ
1025 1950 1058 1997 29

26 2029 97 2108 κας,
126 2025 179 2090 ἐπὶ
206 2022 268 2112 τὴν
286 2021 457 2112 Εὐρώπην
485 2021 633 2111 άκμῆτας
650 2015 728 2111 ἦγες
750 2022 788 2092 τὸ
809 2022 1006 2112 στράτευμα,

26 2156 52 2196 ιν
76 2132 280 2217 οἰκουμένην
307 2127 442 2199 ἅπασαν
465 2132 628 2218 ἐμπλῆσαι
646 2135 816 2217 τροπαίων
844 2128 1005 2215 ἐγνωκῶς.

26 2235 61 2302 οὶ
94 2234 133 2304 δὲ
165 2233 257 2323 ἤρκει
289 2235 329 2304 τὰ
360 2236 512 2325 πρόσθεν
549 2236 713 2324 ρηθέντα,
751 2240 782 2303 εί
811 2236 867 2304 καί
899 2235 1006 2323 μηδὲν

26 2343 142 2430 ιπερὶ
171 2344 233 2410 σού
262 2343 370 2428 λέγειν
397 2341 489 2429 εἶχον
507 2341 719 2431 σεμνότερον,
746 2339 829 2430 πρὸς
854 2339 892 2409 τὸ
921 2341 1005 2410 πάν-

26 2472 56 2515 ιν
93 2444 270 2535 ἀποφῆναί
303 2468 340 2516 σε
376 2451 444 2516 τῶν
486 2454 676 2539 ἔμπροσθεν
712 2449 771 2535 τῆς
806 2443 911 2534 αὐτῆς
951 2467 1005 2517 σοι

26 2552 221 2639 τασχόντων
248 2553 349 2642 τύχης
368 2557 501 2623 συνέσει
528 2556 583 2622 καὶ
602 2553 696 2642 ῥύμη
724 2555 920 2644 κρατοῦντα.
964 2553 1004 2624 τό

26 2686 52 2747 ιρ
81 2655 221 2740 άπαθῶς
248 2656 402 2730 ῶσασθαι
429 2659 490 2749 μὲν
517 2658 579 2748 τὴν
606 2662 749 2749 Περσῶν
777 2659 934 2748 δύναμιν,
962 2657 1005 2729 ού

26 2764 88 2833 ἱλιν
129 2762 210 2833 ούδὲ
246 2766 427 2856 φρούριον,
465 2763 537 2835 ἀλλ’
576 2763 657 2835 οὐδὲ
694 2765 900 2856 στρατιώτην
936 2770 1004 2835 τῶν

52 2871 242 2958 καταλόγου
269 2875 465 2961 προέμενον,
492 2879 668 2962 πολιορκίη
692 2872 729 2940 δὲ
756 2873 848 2952 τέλος
876 2875 1044 2950 ἐπιθεῖ-ις

26 3003 45 3044 ει
72 2976 225 3068 λαμπρὸν
243 2980 298 3047 καὶ
317 2973 392 3047 οἷον
417 2976 510 3048 ούπω
529 2977 681 3069 πρόσθεν
708 2975 909 3068 ἠκούσαμεν,
935 2985 1003 3047 τίνι

26 3078 49 3170 ἡ
82 3085 151 3152 τῶν
183 3089 376 3173 ἔμπροσθεν
408 3092 614 3175 παραβαλεῖν
647 3090 769 3173 ἔργων;
806 3083 1003 3175 περιβόητος

26 3214 127 3274 γονεν
153 3185 175 3277 ἡ
202 3195 447 3281 Καρχηδονίων
474 3193 512 3259 ἐν
538 3205 610 3272 τοῖς
637 3195 762 3273 δεινοῖς
787 3191 903 3280 τόλμα,
931 3188 998 3260 ἀλλ’

55 3360 71 3408 ’λ
93 3356 130 3437 τῇ
150 3351 234 3411 πόλει
257 3377 308 3412 om.
328 3363 352 3411 V
426 3363 441 3412 8
464 3359 553 3442 τείχη
567 3359 604 3427 V]
613 3360 708 3441 χείλη
776 3364 792 3412 9
816 3354 1001 3444 σεμνύνοιται

40 3421 444 3548 ‘⁸⁵1ss”⁷²'1⁰‘;3;;20¹}‚⁰}.¹§1⁰⁰
457 3418 1001 3575 ⁶332&⁰525⁹513⁶303⁸335W²⁹2²2

26 3508 166 3627 τῗῖόντων
183 3563 213 3612 Μ
281 3566 314 3614 24
334 3570 362 3614 et
380 3566 413 3615 25
430 3561 487 3615 τῶν
506 3557 537 3616 ἐκ
555 3561 626 3631 VM]
646 3555 698 3615 τόν
716 3558 747 3615 ἐκ

745 3646 786 3700 3*
