2392 3960
418 177 551 230 οειευιο
569 181 591 230 1.
968 177 1011 241 47

24 336 123 397 μους,
150 308 206 376 καὶ
226 301 244 374 ό
262 304 378 394 θώραξ
398 304 462 394 (ἐκ)
490 305 669 394 τμημάτων
695 303 779 374 κατά
805 303 843 373 τὸ
873 305 1013 393 στέρνον

24 417 51 483 ιλ
80 411 122 482 τὰ
150 416 240 481 νῦτα
268 411 568 499 συναρμοζόμενος,
595 410 633 479 τὸ
651 411 775 499 κράνος
792 408 882 502 αύτῷ
910 431 1012 499 προσ-

24 547 76 612 πφ
106 520 271 606 σιδηροῦν
299 520 507 605 ἐπικείμενον
543 514 743 607 ἀνδριάντος
775 520 929 605 λαμπροῦ
955 520 1012 586 καὶ

24 633 193 714 τίλβοντος
218 626 353 712 παρέχει
379 621 442 711 τῆν
469 622 564 710 ὅφιν,
597 625 666 692 ἐπεὶ
694 623 778 712 μηδὲ
806 627 930 712 κνῆμαι
956 625 1012 692 καὶ

24 734 101 821 ηροὶ
133 729 217 819 μηδὲ
249 727 346 817 άκροι
377 730 479 810 πόδες
509 733 568 818 τῆς
600 733 721 817 σκευῆς
747 730 870 817 ταύτης
897 735 1013 818 ἔρημοι

24 845 177 907 είπονται.
228 837 529 923 συναρμοζομένων
562 834 599 903 δὲ
631 832 744 903 αύτῦν
780 850 851 915 τοῖς
882 835 1012 923 θάραξι

24 943 55 1012 ια’
80 971 185 1012 τινων
204 945 240 1010 ἐκ
258 949 376 1029 κρίκου
395 945 517 1010 λεπτοῦ
544 943 778 1029 πεποιημένων
802 943 905 1010 οίονεὶ
924 937 1012 1029 ῦφα-

24 1049 133 1119 κάτων
166 1047 268 1116 οὐδὲν
296 1044 339 1115 άν
373 1045 497 1136 ὀφθείη
529 1051 592 1116 τοῦ
620 1047 772 1136 σώματος
797 1046 930 1135 γυμνὸν
956 1049 1011 1135 μέ-
1030 1077 1066 1126 38

24 1183 64 1242 ις,
93 1153 151 1223 ἅτε
178 1155 233 1223 καὶ
260 1157 329 1221 νῦν
347 1157 467 1241 χειρῦν
493 1169 563 1234 τοῖς
586 1149 761 1241 ὑφάσμασι
788 1154 921 1235 τούτοις
940 1175 1012 1224 σκε·

24 1263 155 1349 ομένων
177 1258 259 1348 πρὸς
282 1258 319 1327 τὸ
337 1261 393 1328 καὶ
413 1261 654 1347 καμπτομένοις
681 1262 925 1329 ἐπακολουθεῖν
942 1276 1015 1342 τοῖς

24 1366 182 1446 ικτύλοις.
231 1369 335 1434 ταῦτα
368 1361 385 1434 ό
418 1366 517 1451 λόγος
553 1369 762 1453 παραστῆσαι
799 1365 859 1453 μὲν
896 1370 1015 1454 σαφοῦς

24 1484 165 1560 ιιθυμεί,
194 1469 454 1559 ἀπολειπόμενος
482 1471 519 1540 δὲ
545 1471 670 1552 θεατάς
697 1475 765 1540 τῶν
793 1469 906 1540 ὅπλων
932 1471 1013 1553 τοὺς

24 1590 120 1647 αθείν
152 1605 183 1645 τι
219 1579 320 1647 πλέον
357 1579 550 1664 ἐθέλοντας,
583 1575 657 1666 ούχὶ
690 1577 728 1645 δὲ
760 1574 924 1665 άκροατδις
954 1581 1013 1666 τῆς

24 1683 80 1771 τδρ
107 1681 221 1751 αὐτῶν
249 1682 432 1771 διηγήσεως
458 1680 549 1764 άξιοῖ
572 1686 741 1770 γενέσθαι.

71 1786 184 1877 Ἡμείς
216 1788 254 1856 δὲ
281 1787 393 1876 ἐπειδὴ
425 1788 485 1857 τὸν
516 1792 650 1877 πρῶτον
682 1789 828 1877 πόλεμον
861 1791 1012 1877 διεληλύ-

24 1923 116 1984 αμεν,
145 1894 312 1983 ληγούσης
339 1892 404 1983 ῆδη
431 1898 489 1982 τῆς
518 1893 660 1984 ὀπώρας,
688 1888 742 1984 ἆρ’
772 1898 921 1965 ἐνταῦθα
948 1894 1051 1984 τῆνΒ

24 2002 155 2089 ιῆγησιν
181 2001 282 2069 τάλαν
309 1998 499 2089 άφῆσομεν;
532 1996 552 2088 ῆ
581 2001 714 2082 πάντως
744 1999 782 2069 τό
810 2002 903 2082 τέλος
930 1998 1010 2070 άπο-

24 2111 117 2176 ιῦναι
149 2110 218 2174 τῶν
252 2112 360 2195 ἔργων
391 2109 563 2176 ποθοῦσιν
595 2104 704 2189 άξιον;
738 2107 876 2193 ἐπέλαβε
903 2105 964 2194 μὲν
992 2104 1009 2176 ό

24 2212 118 2302 ειμών
155 2214 212 2281 καὶ
248 2214 391 2302 παρέσχε
426 2217 608 2301 διαφυγεῖν
648 2210 710 2299 τῆν
750 2218 912 2300 τιμωρίαν
951 2210 1012 2282 τὸν

24 2320 174 2409 λραννον.
220 2319 414 2407 κηρύγματα
447 2318 485 2386 δὲ
511 2310 555 2406 ῆν
587 2315 719 2407 λαμπρά
750 2318 807 2386 καί
839 2322 1011 2405 βασιλικῆς

24 2435 69 2506 {aa
97 2431 356 2512 μεγαλοψυχίας·
385 2421 479 2493 άδεια
507 2423 545 2493 δὲ
567 2427 670 2493 πᾶσιν
698 2427 829 2492 ἐδίδοτο
857 2438 927 2504 τοῖς
954 2451 1009 2492 τα-

24 2533 147 2619 ιμίνοις
179 2528 259 2619 μετὰ
289 2534 352 2599 τοῦ
382 2529 568 2620 τυράννου,
600 2528 688 2617 πλην
720 2539 754 2599 εί
781 2555 830 2611 τις
863 2526 1011 2599 ἀνοσίων

24 2643 110 2729 κίνφ
153 2636 272 2724 φόνων
309 2636 494 2706 ἐκοινώνει·
537 2633 773 2724 ἀπελάμβανον
808 2634 867 2717 τάς
904 2642 1011 2717 οίκίας

24 2768 139 2823 παντες
166 2744 222 2811 καὶ
249 2741 290 2810 τά
317 2742 468 2831 χρήματα
494 2743 550 2810 καὶ
578 2748 739 2832 πατρίδας
768 2745 803 2810 oc
828 2741 912 2830 μηδὲ
931 2739 1008 2823 όυε-

24 2855 82 2917 θαί
105 2876 137 2916 τι
169 2852 238 2916 τῶν
266 2848 433 2936 φιλτάτων
461 2845 574 2928 αύτοίς
606 2851 798 2931 ἐλπίζοντες.
844 2844 1049 2934 ύπεδέχουο

24 2958 31 3021 λ
59 2953 222 3023 ναυτικὸν
249 2957 285 3023 ἐκ
312 2957 370 3042 τῆς
394 2951 532 3034 Ἰταλίας
559 2954 839 3042 ἐπανερχόμενον,
866 2952 1011 3034 πολλοὺς

24 3071 125 3129 ιείθεν
158 3067 294 3141 πολίτας
326 3059 472 3146 κατάγον
504 3060 692 3148 φεύγοντας
725 3058 817 3147 οἶμαι
848 3058 911 3147 τῆν
942 3063 1011 3128 τάν

67 3269 137 3327 Ιίκ
161 3277 221 3328 add.
244 3278 311 3332 Rsk.
380 3269 455 3327 2τά
476 3274 554 3328 νῶτα
577 3275 619 3343 Μ]
643 3275 720 3328 νῶτα
789 3267 1009 3340 3έπικείμενου

24 3336 233 3423 [ἐπικείμενος
290 3346 375 3396 70t8
393 3338 484 3397 οἱονεὶ
503 3339 545 3396 δι’
564 3337 763 3427 ῦφατμάτωνζ
820 3346 852 3394 16
865 3349 894 3394 et
907 3347 938 3394 1⁷
956 3335 1010 3419 τῆγ

26 3429 72 3478 ηγ.
91 3413 182 3462 πολιν
201 3405 353 3478 άφῆσομεν
371 3410 405 3478 V]
423 3405 512 3464 πάλιν
530 3404 619 3478 ἆφησ.
638 3405 693 3479 τῆν
711 3410 789 3478 διηγ.
819 3412 937 3475 Propter
954 3425 1009 3459 πα-

24 3480 96 3599 vuef.
116 3480 181 3531 590
203 3483 351 3596 Μ18τοϊς
368 3478 513 3532 ποθοῦσιν
530 3480 622 3530 malim
679 3483 712 3531 23
731 3470 878 3544 άπέλαβον
895 3477 924 3526 Μ
975 3479 1008 3527 27

24 3562 30 3597 ι
61 3562 114 3607 τας
132 3563 184 3599 om.
