2392 3960
144 135 205 198 142
444 137 588 189 ιοιιευι
605 134 853 186 ιαοεοετοιιιε

142 262 220 352 τὴν·
240 267 412 354 θυγατέρα
444 263 482 333 δὲ
517 260 673 352 βασιλεὺς
706 264 813 354 ἑαυτῷ
851 275 1023 331 συνοικεῖν
1060 258 1159 344 άξίαν

108 377 262 460 Βέκρινε,
289 374 343 440 καὶ
373 376 492 460 ἔδρασε
510 369 570 439 τὸν
598 369 707 458 γάμον
725 371 882 458 λαμπρῶς
904 366 985 456 μετὰ
1011 367 1053 437 τά
1080 369 1158 459 τρό-

142 503 234 563 παια,
262 482 346 565 έθνη
374 478 429 545 καὶ
458 475 569 557 πόλεις
586 477 642 544 καὶ
670 475 798 563 μούσας
817 477 943 544 ἑστιῶν.
990 479 1021 542 εί
1048 477 1089 544 δέ
1109 503 1159 557 τις

143 581 206 672 άρα
239 585 376 651 ἐκείνων
409 582 587 652 ἐπακούειν
619 592 735 668 ποθεῖ,
768 579 857 662 ὅπως
889 581 950 669 μὲν
979 583 1014 649 ἐκ
1042 589 1158 651 Μακε-

143 694 259 770 δονίας
291 693 436 758 ἐκαλεῖτο
469 685 549 776 μετά
580 691 637 776 τῆς
669 686 792 777 μητρὸς
819 684 840 776 ἡ
872 687 1004 776 νύμφη,
1037 693 1086 769 τίς
1120 688 1185 757 δδε

142 785 184 882 ἦν
213 791 230 864 ό
259 799 316 883 τῆς
347 798 480 884 πομπῆς
511 793 646 882 τρόπος,
680 790 836 883 ἁρμάτων
868 795 923 863 καὶ
955 798 1068 863 ἵππων
1100 796 1158 863 καὶ

143 898 318 990 ὀχημάτων
344 904 571 971 παντοδαπῶν
597 903 710 992 χρυσῶ
738 901 793 969 καὶ
821 897 957 992 άργύρφ
985 902 1042 969 καὶ
1070 897 1157 990 ὀρει-

142 1008 250 1101 χάλκφ
283 1006 363 1096 μετὰ
394 1011 452 1095 της
484 1005 620 1096 άρίστης
651 1009 766 1095 τέχνης
799 1009 1042 1098 εἰργασμένων,
1075 1016 1157 1076 ίστω

141 1117 306 1182 παιδικῶν
338 1113 473 1202 σφόδρα
511 1111 730 1200 άκουσμάτων
767 1116 952 1201 ἐπιθυμῶν.
1002 1113 1158 1204 καθάπερ

91 1218 211 1309 ιιιγάρ
236 1218 328 1308 οἶμαι
357 1222 554 1311 κιθαρῳδοῦ
580 1246 672 1300 τινος
691 1222 802 1301 δεξιοῦ
820 1217 882 1308 τὴν
909 1222 1041 1309 τέχνην·
1070 1226 1186 1289 ἔστων

143 1329 194 1412 δέ,
223 1332 253 1394 εί
278 1326 409 1414 βούλει,
445 1329 657 1415 Τέρπανδρος
690 1317 788 1407 οὗτος
820 1321 840 1413 ἢ
875 1321 892 1394 ό
925 1334 1158 1415 Μηθυμναῖος

142 1434 278 1517 ἐκεῖνος,
307 1428 347 1500 δν
375 1430 417 1519 δὴ
446 1432 544 1518 λόγος
571 1438 636 1520 ἔχει
664 1436 823 1524 δαιμονίᾳ
849 1435 963 1522 πομπῇ
991 1433 1156 1522 χρησάμε-

141 1565 204 1606 νον
246 1540 533 1627 φιλομουσοτέρου
574 1541 635 1606 τού
677 1544 835 1626 δελφῖνος
876 1553 988 1626 τυχεῖν
1024 1535 1045 1627 ἢ
1086 1542 1157 1608 τῶν

142 1644 391 1732 ξυμπλεόντων,
423 1645 479 1712 καὶ
512 1646 564 1713 ἐπὶ
595 1643 657 1731 τὴν
689 1644 891 1733 Λακωνικὴν
923 1643 1030 1734 άκραν
1061 1672 1155 1734 κομι-

142 1753 278 1837 σθῆναι·
308 1755 423 1836 ἔθελγε
451 1748 514 1838 γάρ
534 1748 626 1837 οἶμαι
649 1748 728 1832 τούς
747 1756 920 1839 δυστυχεῖς
947 1751 1074 1833 ναύτας
1092 1749 1186 1821 ὅσαιι

141 1858 267 1947 ἐκεῖνος
294 1853 358 1924 άπὸ
385 1859 445 1944 τῆς
471 1858 587 1944 τέχνης
614 1858 802 1944 εἰργάσατο,
830 1853 933 1946 αὐτῆς
961 1857 998 1926 δὲ
1027 1861 1155 1947 ἐκείνης

140 1958 340 2052 ὑπερεώρων
367 1964 421 2031 καὶ
451 1960 613 2051 οὐδεμίαν
641 1961 733 2051 ῶραν
757 1966 932 2032 ἐποιοῦντο
951 1967 1009 2052 τῆς
1037 1985 1153 2052 μουσι-

103 2072 212 2156 Βκῆς·
246 2074 277 2137 εί
303 2067 345 2156 δὴ
373 2061 436 2137 ούν
463 2098 512 2150 τις
543 2085 617 2138 τοῖν
644 2066 787 2159 άνδροῖν
819 2073 961 2139 ἐκείνοιν
988 2068 1048 2139 τὸν
1075 2071 1153 2162 κρά-

139 2196 253 2243 τιστον
281 2175 510 2263 ἐπιλεξάμενος
537 2177 593 2244 καὶ
621 2172 769 2257 άποδοὺς
802 2173 862 2245 τόν
889 2178 964 2266 περὶ
992 2176 1029 2245 τὸ
1058 2180 1153 2265 σῶμα

139 2281 266 2369 κόσμον
302 2285 341 2371 τη
374 2284 472 2371 τέχνη
509 2285 677 2371 πρέποντα
709 2280 779 2351 εἶτα
812 2285 844 2363 ἐς
880 2279 1028 2372 θέατρον
1069 2309 1152 2373 παρ-
1166 2310 1186 2351 τι

140 2387 259 2475 αγάγοι
283 2391 509 2457 παντοδαπῶν
528 2385 664 2478 άνδρῶν
682 2390 737 2457 καὶ
756 2392 929 2475 γυναικῶν
946 2390 1002 2458 καὶ
1020 2395 1154 2459 παίδων

140 2494 240 2580 φύσει
271 2522 306 2562 τε
343 2496 398 2562 καί
430 2490 541 2584 ἡλικίᾳ
573 2496 628 2562 καὶ
660 2509 730 2576 τοῖς
768 2493 880 2577 άλλοις
917 2494 1153 2584 ἐπιτηδεύμασι

140 2600 386 2689 διαφερόντων,
419 2597 482 2669 ούκ
514 2596 556 2669 άν
589 2610 703 2670 οίεσθε
738 2600 819 2682 τοὺς
850 2601 912 2690 μὲν
943 2607 1065 2683 παῖδας
1096 2604 1152 2672 καί

138 2709 207 2773 τῶν
244 2703 381 2795 ἀνδρῶν
417 2708 472 2774 καί
507 2708 604 2795 [τῶν]
643 2710 814 2793 γυναικῶν
851 2704 968 2777 ὁπόσοι
1005 2712 1152 2778 τοιοῦτοι

139 2817 185 2891 είς
212 2809 275 2901 τὴν
307 2815 432 2900 ἐσθῆτα
465 2814 520 2882 καὶ
552 2812 613 2903 τὴν
645 2813 793 2903 κιθάραν
820 2804 1071 2903 ἀποβλέποντας
1100 2817 1186 2884 έκ-ιι

137 2922 340 3008 πεπλῆχθαι,
358 2923 476 3001 δεινῶς
508 2919 591 3009 πρὸς
621 2918 683 3007 τὴν
716 2918 810 3007 ὅφιν,
843 2924 911 2989 τῶν
943 2917 1081 3010 ἀνδρῶν
1114 2921 1151 2991 δὲ

218 3173 229 3218 1
250 3163 337 3252 άξίαν
357 3169 434 3238 Cob.]
452 3165 537 3235 αξιον
623 3174 639 3221 6
662 3188 692 3223 τε
711 3169 761 3223 καὶ
780 3170 875 3223 ἵππων
893 3173 962 3223 Rsk.
1048 3174 1065 3222 8
1084 3170 1152 3225 ίστω

136 3232 277 3303 Wyt.‘'t]
258 3253 310 3288 ατε
396 3237 494 3291 9το5ν
517 3244 581 3290 ante
599 3238 744 3290 παιδικῶν
769 3240 866 3292 sustuli
954 3242 985 3290 10
1012 3237 1061 3292 καὶ
1085 3246 1150 3292 ante

136 3305 312 3384 κιθυρωδου
324 3306 385 3360 add
405 3309 517 3386 Mpet
576 3298 713 3363 llo‘om
731 3309 755 3355 V
825 3312 856 3359 16
875 3300 945 3374 απο]
964 3299 1064 3359 υπον
1118 3311 1150 3360 17

136 3389 214 3437 ωαν
232 3357 312 3439 Η]
291 3391 368 3438 ωραν
438 3378 470 3426 19
488 3392 540 3427 τον
558 3374 681 3442 σωμαῑῑ
750 3378 782 3426 20
800 3369 828 3434 ές
848 3372 917 3444 VM]
939 3370 980 3434 εἰς
1032 3375 1149 3427 23δια-

137 3436 283 3526 φερόντων
301 3439 339 3509 Η]
359 3439 581 3509 διαφερομένων
665 3447 698 3494 24
720 3439 776 3496 τῶν
798 3443 934 3495 inclusum
953 3444 1047 3497 οων
1117 3446 1152 3495 25

135 3503 336 3576 ἐκκεκλῆσθαι
353 3513 378 3562 V
