2392 3960
507 178 640 230 οεευιο
659 181 681 233 1.
1058 180 1100 245 23

80 310 166 393 ἔχων
200 304 434 393 (πεντήκοντα)
468 320 566 392 μναῖς
598 311 734 374 ἔλαττον
765 303 915 395 ἠγάπησε
949 307 1011 396 δή,
1044 311 1099 377 καὶ

79 413 203 500 μικροῦ
235 414 404 491 παντελῶς
432 407 597 501 ἀργυρίου
629 410 690 499 τὴν
723 410 807 502 πρὸς
841 416 988 495 ἐκείνους
1021 410 1099 503 ὁμό·

79 544 179 585 νοιαν
208 513 508 605 ἀνταλλαξάμενος,
542 520 689 586 ἐπαίνων
717 515 759 587 ἀν
788 519 895 589 ἐδόκει
921 523 978 590 καὶ
1004 525 1139 609 τιμῆςς

79 620 173 704 άξιος
206 619 250 704 ῶς
280 624 457 712 χρημάτων
493 630 670 711 κρείττων,
708 621 752 706 ῶς
790 623 951 713 εὔβουλος
988 627 1099 714 φύσει,

50 728 253 810 σξυνελόντι
281 730 318 798 δὲ
346 736 466 816 είπεῐν,
500 726 545 811 ῶς
571 729 672 812 καλὸς
703 729 861 817 κάγαθός.
903 729 920 801 ό
950 733 986 801 δὲ
1014 729 1099 820 ὑπὲρ

79 838 139 924 τῆς
164 838 233 903 τῶν
261 833 349 904 ὅλων
378 835 480 926 ἀρχῆς
508 833 596 905 οὕτω
620 838 859 924 μεγαλοψύχως
882 841 938 906 καὶ
963 841 1097 929 σωφρό-

78 969 148 1023 νως
176 945 288 1010 δοκῶν
315 946 577 1030 βεβουλεῦσθαι,
606 938 651 1022 ῶς
677 941 822 1030 τὸνμὲν
847 946 882 1012 έκ
907 947 964 1031 τῆς
989 947 1098 1032 ἐπιμε-

79 1054 170 1129 λείας
202 1043 292 1140 αὑτῶ
325 1055 459 1135 μείζονα
491 1048 535 1137 μὴ
567 1060 768 1138 προσθεῖναι
801 1049 928 1136 πόνον,
960 1053 1028 1119 τῶν
1062 1051 1098 1119 δὲ

79 1157 116 1223 ἐκ
149 1157 208 1241 τῆς
238 1150 342 1244 ἀρχῆς
378 1155 557 1243 προσόδων
589 1153 675 1224 ἕκῶν
707 1151 870 1242 ὑφίεσθαι
902 1153 985 1244 ὑπὲρ
1019 1153 1097 1245 όμο-

37 1290 66 1330 ιο
78 1267 176 1341 νοίας
197 1263 253 1329 καὶ
275 1263 334 1348 τῆς
355 1259 439 1350 πρὸς
462 1258 624 1348 ἀλλήλους
643 1257 814 1350 Ῥωμαίων
833 1259 992 1330 ἀπάντων
1011 1264 1098 1351 εἰρή-

78 1395 156 1454 νης,
183 1366 299 1435 πόσων
328 1370 476 1435 ἐπαίνων
504 1364 598 1447 άξιου
625 1383 734 1456 κρινεῖ
758 1395 821 1450 τις;
851 1365 893 1436 οὐ
921 1365 987 1457 μὴν
1016 1366 1141 1439 οὐδὲΙ)

80 1475 187 1541 ἐκεῖνο
207 1474 316 1558 λέγειν
335 1480 462 1541 ἔνεστιν
481 1475 645 1558 ἐνταῦθα,
670 1469 714 1554 ῶς
737 1477 845 1554 καλῶς
868 1476 944 1561 μέν,
968 1471 1097 1564 άίλυσι-

78 1581 181 1659 τελῶς
202 1578 267 1667 δέ’)
296 1577 463 1659 λυσιτελὲς
482 1578 543 1665 μέν
562 1576 626 1665 γάρ
646 1575 766 1666 οὐδέν,
791 1577 824 1665 ὅ,
843 1607 874 1648 τι
893 1578 994 1668 μὴτὸ
1016 1579 1097 1649 αὐτὸ

78 1686 136 1753 καὶ
167 1683 287 1770 καλόν,
320 1691 431 1772 ἔμοιγε
464 1691 626 1770 φαίνεται.
674 1682 758 1766 όλως
792 1685 827 1752 δὲ
860 1694 894 1753 εί
921 1713 988 1754 τινι
1021 1685 1095 1755 καθ’

39 1786 164 1859 ισαὺτὸ
193 1789 230 1858 τὸ
260 1792 436 1879 συμφέρον
463 1791 623 1873 ἐξετάζειν
651 1795 756 1878 δοκεῖ,
784 1793 922 1878 κρινέτω
947 1790 991 1879 μὴ
1015 1791 1099 1882 πρὸς

78 1894 244 1987 ἀργύριον
276 1899 410 1964 σκοπῶν
442 1895 525 1983 μηδὲ
561 1896 753 1983 προσόδους
787 1902 922 1986 χωρίων
952 1895 1096 1988 ἀπαριθ-

79 2001 260 2091 μοάμενος,
288 2003 439 2091 καθάπερ
469 2005 505 2069 οί
530 2003 731 2091 φιλάργυροι
759 2005 912 2089 γέροντες
939 1999 1005 2071 ὑπὸ
1029 2007 1097 2072 τῶν

79 2111 253 2200 κωμῳδῶν
280 2110 333 2177 ἐπὶ
361 2107 422 2196 τὴν
450 2107 578 2195 σκηνὴν
612 2108 798 2194 ἑλκόμενοι,
832 2105 915 2177 ἀλλά
948 2108 1032 2196 πρὸς
1058 2109 1095 2179 τὸ

80 2217 222 2303 μέγεθος
249 2217 307 2302 τῆς
334 2211 436 2305 ἀρχῆς
459 2215 514 2283 καὶ
538 2213 599 2302 την
623 2210 768 2295 ἀξίωσιν.
810 2217 1013 2301 φιλονεικῶν
1036 2215 1097 2303 μὲν
1116 2235 1151 2283 20

38 2320 145 2411 εογόιρ
173 2317 256 2411 ὑπὲρ
283 2324 351 2389 τῶν
375 2316 479 2410 ὁρίων
502 2323 557 2389 καὶ
586 2323 760 2407 δυσμενῶς
783 2326 869 2407 έχων
893 2323 1031 2390 ἐκείνων
1054 2318 1097 2390 ἀν

79 2419 158 2517 ἦρξε
189 2427 304 2515 μόνων
337 2418 385 2495 ῶν
418 2433 548 2514 ἔλαχεν,
585 2432 617 2495 εί
645 2428 702 2494 καὶ
734 2428 835 2496 πλέον
868 2432 953 2514 ἔχων
986 2425 1096 2516 ἀπῄει·

79 2529 256 2623 ὑπερορῶν
280 2533 317 2602 δὲ
339 2536 407 2601 τῶν
430 2537 557 2621 μικρῶν
580 2535 635 2602 καὶ
658 2533 917 2623 καταφρονήσας
939 2525 1018 2621 ἦρχε
1037 2535 1098 2621 μὲν

80 2636 211 2727 ἀπάσης
243 2638 323 2727 μετὰ
354 2643 422 2708 τῶν
455 2636 612 2727 ἀδελφῶν
643 2642 702 2726 της
735 2643 933 2727 οἰκουμένης
942 2692 952 2726 ,
985 2643 1096 2728 έπεμε-

81 2755 168 2815 λεῑτο
192 2745 229 2814 δὲ
252 2749 312 2814 τοῦ
335 2746 494 2833 λαχόντος
517 2748 652 2835 μέρους,
682 2744 861 2814 ἀπολαύων
889 2745 950 2833 μὲν
973 2753 1098 2827 τελείας

38 2855 139 2940 ιιτης
166 2855 276 2940 τιμῆς,
305 2855 448 2940 μετέχων
472 2851 509 2920 δὲ
532 2858 669 2920 ἔλαττον
692 2855 760 2920 τῶν
789 2848 834 2919 ἐπ’
865 2849 949 2941 αὐτῇ
972 2853 1097 2921 πόνων

150 3006 163 3055 1
182 2995 363 3081 πεντήκοντα
381 3008 467 3068 μναῖς
485 3005 552 3054 Rsk.
566 3010 593 3056 et
606 3004 740 3081 Cobetuq]
758 3021 832 3086 μνας
848 3003 851 3069 Ι
872 3000 920 3071 δὴ]
940 2999 1017 3059 δεν,
1045 3006 1097 3055 Pro

81 3069 118 3138 δὴ
136 3070 187 3122 καὶ
206 3072 298 3121 malim
317 3060 392 3133 ἀντὶ,
412 3072 478 3122 Rsk.
498 3064 614 3137 φαόλου
633 3077 698 3151 post
711 3064 997 3139 ἠγάπησεοεοὶδίειο
1016 3078 1098 3138 putat

80 3090 223 3191 δηόδδλ
202 3131 344 3205 vm]
380 3139 525 3190 Reiskius:
550 3140 649 3204 „Lege
672 3133 722 3191 τὸν
748 3135 782 3191 δὲ
806 3145 834 3189 et
857 3141 940 3205 paulo
963 3145 1026 3206 post
1048 3140 1098 3190 δο·

80 3203 218 3261 κουυταίί.
254 3209 291 3256 At
309 3206 343 3256 de
361 3209 531 3257 nominativo
549 3208 604 3257 vid.
624 3207 658 3256 ad
677 3209 758 3259 20οΒ
778 3212 806 3257 et
824 3208 907 3259 329Α
976 3211 991 3259 8
1017 3201 1098 3273 αὐτῷ

81 3272 211 3353 θαλεροί]
225 3267 396 3403 αότῷΙχιὴ
399 3273 460 3323 add.
478 3277 511 3326 V.
535 3275 591 3324 vid.
611 3276 676 3326 2οΔ
747 3277 777 3324 11
796 3279 893 3340 κρινεῖ
909 3273 984 3340 Rsk]
1005 3274 1097 3338 κρίνει

82 3345 114 3393 12
140 3335 215 3407 καλὴ
243 3342 301 3391 VM
379 3332 551 3401 ἀλυσιτελῶς
579 3337 626 3393 δε
663 3337 808 3402 λυσιτελὲς
839 3344 901 3393 Pet.
930 3349 958 3393 et
991 3339 1095 3408 Wytt]

80 3402 246 3468 ἀλυσιτελὲς
333 3411 365 3459 14
384 3414 412 3459 et
431 3411 461 3459 15
491 3405 562 3461 καθ
588 3402 664 3462 αὑτῶ
687 3412 712 3462 V
818 3412 849 3460 16
863 3427 918 3488 μη
911 3403 980 3527 ’ὲδὲ
996 3424 1096 3487 προσ

80 3474 168 3537 σ’δους
186 3473 257 3543 VM]
282 3471 320 3543 μή
343 3471 503 3555 προσόδους
590 3481 624 3529 20
648 3475 823 3597 δυσμενῶς]
832 3470 886 3529 δίο
908 3472 960 3553 μὲν
984 3468 1020 3536 ῶς
1038 3477 1096 3527 VM

80 3547 112 3597 21
135 3538 225 3609 ἀπείη
244 3546 270 3597 V
338 3546 370 3595 22
394 3539 428 3596 δέ
452 3542 508 3596 τῶν
531 3543 639 3610 μικρῶν
661 3543 711 3597 καὶ
730 3543 764 3609 V]
791 3541 823 3597 δὲ
842 3542 891 3595 καὶ
914 3541 970 3595 τῶν
988 3543 1098 3610 μικρῶν
