2392 3960
414 182 550 235 ORATIO
569 185 590 240 1.
991 186 1012 248 3

24 308 120 392 ἰτοὺς
162 308 333 390 ἐπιδόντες
374 313 441 379 τῶν
486 311 637 402 πράξεων
679 308 793 402 ἀρκεῖν
839 309 1012 404 ᾠήθησαν,

49 417 182 486 τούτων
209 418 267 503 τῆς
295 413 388 498 ἀξίας
415 415 459 505 μῆ
488 418 710 507 διαμάρτοιεν.
752 416 846 500 ἀξιον
875 419 912 488 δὲ
931 417 1012 506 ἀγα-

24 538 77 595 &aa
96 523 158 611 τήν
185 529 381 611 προθυμίαν
400 527 468 592 τῶν
496 523 632 613 ἀνδρῶν
651 521 818 612 ἀπόντων,
848 523 923 595 ὅσοι
944 530 1013 595 τῶν

24 636 64 701 ἀν
94 634 242 699 ἐπαίνων
269 627 409 716 ήψαντο.
444 636 479 698 οί
503 631 564 718 μὲν
592 632 667 720 γάρ,
696 629 785 712 ὅπως
812 632 918 721 μηδὲν
946 629 1011 702 ύπδ

24 740 53 808 α’
87 737 212 826 χρόνον
245 739 313 804 τῶν
347 756 400 804 σοι
432 740 652 827 πραχθέντων
684 736 919 828 ἀμαυρωθείη,
951 738 1013 810 τὸν

24 847 151 933 ε’γιστον
180 838 349 911 ὑποδῦναι
376 843 485 912 πόνον
512 844 707 932 ἐτόλμησαν,
736 848 771 912 οί
797 848 845 931 δέ,
874 843 924 914 ότι
952 851 1012 915 τού

24 949 119 1031 κντὸς
147 949 385 1037 διαμαρτήσειν
413 948 559 1037 ῆλπιζον,
586 949 648 1038 τῆν
677 947 790 1019 αὑτῶν
808 951 947 1040 γνύμην
975 956 1012 1022 έν

24 1061 87 1149 έρει
113 1055 328 1145 προύφηναν,
356 1054 494 1144 ἀμεινον
513 1060 574 1125 τού
592 1060 651 1144 τῆς
670 1061 796 1146 σιωπῆς
824 1055 1011 1129 ἀκινδύνου
1031 1075 1053 1128 Β

24 1167 99 1255 ἔρως
127 1169 303 1251 κρίναντες
328 1162 411 1231 κατὰ
439 1163 587 1251 δύναμίν
615 1184 669 1232 σοι
697 1166 765 1232 των
794 1169 928 1234 οἰκείων
951 1167 1012 1235 πό-

24 1278 65 1340 θν
86 1267 308 1358 ἀπάρξασθαι.
342 1273 373 1336 εί
390 1269 451 1357 μὲν
471 1262 533 1338 οὖν
560 1271 617 1338 καὶ
637 1267 736 1352 αὐτὸς
765 1265 812 1352 εἷς
841 1267 889 1340 ύν
917 1273 1011 1360 έτύγ-

24 1405 98 1446 ινον
135 1379 202 1445 τῶν
238 1373 317 1456 τούς
355 1375 592 1457 ἐπιδεικτικούς
634 1374 841 1462 ἀγαπώντων
880 1378 1011 1466 λόγους,

24 1486 94 1574 ;ρῆν
127 1484 285 1551 ἐντεῦθεν
318 1479 481 1570 ἀρχεσθαι
513 1486 572 1571 τῆς
598 1478 806 1570 ὑποθέσεως,
838 1484 901 1572 τῆν
934 1495 1012 1573 ίσην

24 1589 132 1659 ίνοιαν
166 1586 395 1676 ἀπαιτήσαντα
422 1591 480 1676 τῆς
507 1585 723 1676 ὑπαρχούσης
754 1588 820 1677 ήδη
849 1611 903 1659 σοι
929 1589 1008 1681 παρ’

24 1698 90 1764 τοῖν
117 1697 172 1763 καὶ
202 1695 367 1779 δεηθέντα
394 1697 463 1761 τῶν
482 1694 592 1780 λόγων
620 1692 788 1785 ἀκροατήν
816 1694 937 1784 εὐμενῆ
957 1726 1011 1785 γε-

24 1804 124 1887 ίσθαι,
153 1792 228 1888 ούχὶ
257 1799 295 1869 δὲ
323 1796 442 1890 ἀκριβῆ
471 1802 526 1868 καὶ
555 1797 781 1889 ἀπαραίτητον
808 1802 925 1892 κριτήν
953 1832 1010 1873 κα-

24 1910 162 1995 ιστῆναι.
205 1907 274 1976 ἐπεὶ
303 1905 339 1974 δὲ
359 1909 395 1974 έν
424 1903 536 1988 ἀλλοις
554 1908 730 1996 μαθήμασι
756 1912 936 1997 τραφέντες
954 1914 1050 1982 καίῦ

24 2014 242 2098 κιδευθέντες,
261 2011 414 2101 καθάπερ
435 2014 671 2101 ἐπιτηδεύμασι
693 2016 748 2083 καὶ
767 2015 896 2102 νόμοις,Ι
914 2013 1010 2086 ἀλλο-

24 2127 94 2189 ιίων
122 2122 331 2207 κατατολμάν
350 2125 459 2207 ἔργων
479 2122 645 2207 δοκοῦμεν
669 2118 731 2188 ούκ
759 2118 882 2211 ὀρθῶς,
910 2125 1011 2213 μικροί

24 2254 48 2297 ιι
76 2232 172 2295 δοκεῖ
196 2230 316 2314 χρῆναι
343 2227 399 2294 καὶ
426 2227 501 2313 περὶ
520 2225 650 2294 τούτων
668 2228 828 2314 δηλῶσαι,
856 2233 1009 2298 οίκειοτέ-

24 2360 57 2402 ιν
76 2330 182 2420 ἀρχήν
200 2335 371 2421 προθέντα
389 2335 451 2399 τού
469 2332 582 2420 λόγου.

72 2439 189 2527 Νόμος
221 2440 289 2507 ἐστὶ
322 2436 461 2518 παλαιὸς
492 2438 582 2528 παρὰ
610 2442 670 2507 τοῦ
702 2440 837 2528 πρώτου
871 2450 1007 2527 φιλοσο-

24 2552 77 2613 ίαν
105 2542 301 2634 ἀνθρώποις
328 2545 499 2633 φήναντος
527 2541 650 2614 ούτωσὶ
669 2553 832 2634 κείμενος·
861 2544 1009 2629 ἅπαντας

24 2651 74 2743 γὸς
101 2651 163 2739 τήν
192 2650 312 2741 ἀρετήν
339 2653 395 2720 καὶ
422 2650 506 2739 πρὸς
533 2651 571 2720 τὸ
596 2651 701 2721 καλὸν
729 2656 913 2741 βλέποντας
940 2657 1051 2728 ἐπι-Ι)

24 2758 144 2845 χδεύειν
164 2760 200 2827 ἐν
220 2757 341 2846 λόγοις,
370 2759 406 2825 έν
426 2762 545 2846 ἔργοις,
570 2761 607 2827 ἐν
626 2761 831 2845 ξυνουσίαις,
851 2763 887 2829 έν
905 2764 1008 2830 πᾶσιν

24 2868 103 2946 ιλῶς
131 2880 201 2946 τοῖς
232 2863 316 2933 κατὰ
348 2861 407 2932 τὸν
440 2870 517 2951 βίον
549 2880 678 2956 μικροῖς
710 2867 766 2934 καὶ
794 2873 919 2953 μείζοσι
946 2871 1007 2937 τοῦ

24 2972 95 3039 ιλού
127 2971 260 3052 πάντως
292 2973 458 3058 ἐφίεσθαι.
503 2971 640 3040 πάντων
672 2972 709 3040 δὲ
742 2969 793 3040 ὅτι
829 2973 1007 3043 κάλλιστον

24 3077 100 3165 ιετή,
129 3083 179 3159 τίς
196 3074 239 3146 ἀν
257 3073 337 3166 ῆμίν
365 3080 433 3144 τῶν
452 3080 538 3146 νοῦν
557 3078 702 3166 ἐχόντων
730 3075 1006 3210 ἀμφισβητήσειε;

24 3183 112 3271 ύτης
139 3190 256 3254 τοίνυν
285 3181 483 3270 ἀντέχεσθαι
512 3185 734 3254 διακελεύεται
766 3184 845 3267 τοὺς
872 3185 916 3274 μή
945 3186 1005 3274 μά-

57 3322 71 3370 1
99 3311 213 3395 αύτούς
225 3319 284 3371 VM
303 3324 331 3370 et
353 3334 438 3384 saepe
456 3319 537 3400 alibi,
563 3321 635 3386 quod
654 3337 707 3372 non
726 3322 850 3372 omnibus
868 3321 938 3373 loeis
958 3339 1006 3372 an-

25 3389 86 3437 tavi
145 3379 274 3438 λαύτῶν
294 3385 416 3452 Schaef.]
437 3379 534 3438 αὐτῶν
589 3392 622 3438 20
640 3384 808 3453 προσθέντα
826 3390 850 3439 V
907 3392 940 3438 22
958 3383 1006 3440 ού-

24 3452 52 3507 τλ
69 3457 107 3506 Μ.
137 3456 172 3508 cf
191 3455 281 3535 Epist.
301 3457 334 3505 42
357 3472 384 3521 p.
402 3456 487 3505 4231)
558 3459 591 3506 24
615 3407 676 3507 ένρ
669 3455 759 3507 πᾶσιν
781 3453 841 3535 H]
846 3447 893 3507 ἐπὶ
916 3455 1007 3507 πᾶσιν

40 3514 204 3602 μικροῖς]”
184 3539 290 3604 ακροις
301 3523 368 3574 VM.
402 3521 497 3573 Malim
520 3522 570 3575 καὶ
588 3527 702 3590 μικροῖς
771 3527 803 3574 27
822 3515 1005 3591 ἀμφισβητή·

24 3605 48 3643 ιε
64 3587 101 3655 V]
121 3581 367 3658 ἀμφισβητήσειεν
779 3654 794 3687 ἧς
