2392 3960
91 155 133 219 96
391 159 537 210 IULIANI
558 159 804 212 IMPERATORIS

92 281 196 374 ἀρχάς
226 287 404 374 πειρῶνται
437 287 647 372 ξυμπείθειν,
681 282 724 366 ὦς
752 284 795 373 δὴ
822 286 926 354 ταῦτά
954 315 991 375 γε
1020 285 1106 357 αύτα

93 394 231 459 ἐκείνων
258 391 447 460 ἐθελόντων
473 393 591 478 λέγειν.
628 395 778 460 ἐνταῦθα
806 392 843 461 δέ
870 402 904 460 εί
926 420 977 474 τις
1004 397 1108 476 ἐξέλοι

91 501 160 565 τῶν
184 493 331 587 Ὁμήρου
357 497 465 585 μόνον
491 496 531 566 τόι
559 501 627 566 τῶν
653 494 774 587 ἡρώων
803 495 961 587 ὀνόματα,
990 502 1106 590 ἐνθείη

94 603 131 672 δέ
158 602 195 672 τὸ
224 606 386 691 βασιλέως
412 604 713 694 καὶέναρμόσειεν,
741 602 783 674 ού
802 608 930 693 μάλλον
957 611 1005 688 είς
1025 610 1107 676 ἐκεί-

91 737 174 791 νους
201 706 222 799 ἢ
250 714 372 780 τούτου
389 714 594 798 πεποιῆσθαι
612 712 702 792 δόξει
723 709 763 780 τόι
793 706 907 801 [ὑπὲρ]
935 716 994 800 τῆς
1010 710 1131 787 'stad-5

94 821 153 896 δος
181 822 252 903 ἐπη.
298 814 369 885 ἄλλ’
401 815 489 898 ὅπως
516 815 560 906 μη
587 816 628 885 τόι
656 813 739 907 ὑπὲρ
767 820 835 886 τῶν
863 824 972 907 ἔργων
998 820 1107 907 μόνον

93 919 274 1005 άκούοντες
300 926 354 991 ταὶ
381 926 449 992 τῶν
476 923 746 1012 κατορθωμάτων
775 925 870 1013 (τῶν)
900 928 932 1005 ἐς
958 923 1019 994 τὸν
1046 927 1107 997 πό-

53 1037 196 1117 Βλεμον
224 1035 360 1099 ἔλαττον
392 1035 479 1118 ἔχειν
511 1025 767 1117 ύπολαμβάνητε
799 1033 937 1116 βασιλέα
964 1033 1039 1122 περὶ
1066 1032 1108 1101 τόι

92 1135 273 1224 σεμνότερα
309 1137 365 1204 καὶ
402 1127 450 1203 σόν
486 1133 581 1216 άξιον
617 1143 750 1223 μείζονα
782 1148 956 1206 ποιεῖσθαι
992 1138 1107 1227 λόγον,

92 1245 308 1331 δημηγοριῶν
336 1269 420 1329 φημι
448 1243 505 1310 καὶ
523 1243 746 1330 ξυμβουλιῶν,
773 1244 830 1311 καὶ
854 1239 961 1314 ὁπόσα
988 1245 1106 1333 γνώμη
1121 1279 1144 1318 ιι

91 1345 172 1434 μετὰ
208 1351 273 1416 νού
313 1349 369 1416 καλ
405 1347 601 1436 φρονήσεως
640 1349 855 1435 κατευθύνει,
893 1342 1027 1439 ιἰθρὲῐτε
1069 1355 1107 1420 ἐν

88 1451 246 1522 Ὀδυσσεῖ
275 1455 332 1522 καὶ
363 1456 510 1543 Νέστορι
540 1469 611 1534 τοῖς
643 1457 895 1542 ἐπαινουμένοις
927 1454 1011 1524 κατά
1042 1456 1106 1544 τὴν

91 1567 238 1648 ποίησιν,
266 1563 322 1629 καλ
348 1558 392 1648 ἣν
418 1587 450 1629 τι
477 1575 573 1648 μεῖον
600 1562 637 1629 έν
660 1567 792 1648 βασιλεῖ
816 1560 1104 1650 καταμανθάνητε,

90 1682 161 1747 τοῖς
198 1669 383 1747 ἐπαινέταις
418 1670 518 1736 τοῦτο
554 1672 740 1753 λογίζεσθε,
777 1669 880 1735 πλέον
915 1667 952 1735 δὲ
984 1673 1104 1754 ἔχοντα

92 1778 229 1854 δικαίως
261 1769 343 1863 (ἂν)
377 1772 480 1842 αὐτὸν
512 1775 639 1861 μᾶλλον
672 1770 926 1861 ἀποδεχοίμεθα.
976 1770 1106 1842 ούκοῦν
1122 1807 1145 1847 ιι

92 1875 110 1947 ό
138 1881 215 1967 μέν,
249 1876 393 1968 ὁπηνίκα
419 1886 632 1968 χαλεπαίνειν
663 1881 721 1948 καλ
748 1879 935 1962 στασιάζειν
961 1877 1106 1968 η”ρχοντο

91 1987 168 2075 περὶ
194 1989 252 2074 της
283 1985 495 2075 αίχμαλύτου
522 1986 638 2076 κόρης,
670 1987 780 2073 λέγειν
810 1988 984 2075 ἐπιχειρῶν
1017 1983 1106 2055 οὕτω

53 2093 137 2180 οδή
165 2121 196 2161 τι
223 2100 334 2163 πείθει
360 2090 577 2181 τὸνβασιλέα
604 2091 743 2161 καὶτὸν
769 2095 827 2179 τῆς
846 2093 995 2178 Θέτιδος,
1023 2090 1106 2161 ὥστε

93 2194 111 2267 ό
143 2199 206 2287 μὲν
239 2198 393 2289 ἀκόσμως
425 2202 556 2269 διέλυσε
592 2197 653 2268 τόν
685 2198 863 2285 ξύλλογον,
901 2194 918 2266 ὁ
957 2197 994 2267 δὲ
1027 2195 1106 2267 ούδδ

92 2312 285 2395 περιμείνας
313 2303 572 2395 ἀφοσιώσασθαι
597 2304 638 2373 τδι
664 2303 749 2394 πρὸς
773 2303 834 2373 τὸν
861 2303 961 2390 θεόν,
994 2310 1042 2372 ἐτι
1070 2304 1107 2373 δὲ
1121 2338 1147 2379 οι

93 2409 178 2480 αὐτὰ
206 2416 299 2503 δρῶν
316 2415 373 2482 καλ
391 2409 532 2501 όιφορῶν
560 2414 592 2492 ἐς
609 2409 671 2499 την
696 2416 858 2500 θεωρίδα,
886 2412 1010 2479 στέλλει
1027 2409 1108 2492 τούς

92 2518 239 2606 κήρυκας
267 2521 318 2587 ἐπὶ
345 2517 408 2606 τὴν
432 2516 600 2607 Ἀχιλλέως
627 2517 765 2605 σκηνήν,
794 2514 904 2606 ὥσπερ
933 2515 1026 2604 οἶμαι
1054 2523 1106 2587 δε-

92 2621 172 2705 διάις
198 2624 243 2712 μὴ
271 2628 330 2712 τῆς
357 2623 459 2714 ὀργῆς
477 2624 717 2713 ἐπιλαθόμενος
743 2626 799 2692 καὶ
827 2620 1026 2709 ἀπαλλαγεὶς
1045 2627 1106 2692 τού

91 2730 224 2812 πόθους
264 2738 444 2819 μεταγνοίη
475 2733 533 2800 καὶ
564 2728 735 2818 ἀποφύγοι
772 2728 835 2817 τὴν
867 2725 1055 2819 ἁμαρτάδα·
1087 2726 1105 2799 ό

92 2837 130 2907 δέ
158 2840 193 2905 ἐκ
220 2841 278 2924 τῆς
303 2836 435 2925 Ἰθάκης
462 2838 573 2927 ῥήτωρ
591 2837 800 2926 πολύτροπος
826 2843 958 2928 πείθειν
986 2839 1106 2924 ἐπιχει-
1120 2868 1145 2909 κ

91 2946 161 3032 ριόν
193 2943 277 3033 πρὸς
309 2943 490 3032 διαλλαγὰς
518 2942 662 3032 Ἀχιλλέα
699 2945 756 3012 καὶ
789 2946 881 3032 δῶρα
917 2942 1023 3012 πολλὰ
1057 2949 1106 3013 δι-

159 3194 234 3251 u&
255 3196 395 3285 βασιλέως
412 3193 508 3267 vl}
509 3194 679 3267 ναρμόσειεν
697 3192 772 3266 Η]ἐ
772 3193 912 3265 ναρμόσοι
931 3186 1107 3280 (ἐναρμόσαι

92 3266 172 3334 Βελι.)
240 3273 256 3319 5
279 3261 353 3335 ὑπὲρ
374 3269 439 3320 Rsk
458 3268 537 3320 malit
560 3271 659 3320 abesse
728 3272 743 3320 ⁷
766 3267 823 3319 τῶν
841 3269 903 3318 εδδ.
922 3268 948 3317 H
1018 3257 1086 3320 15
1069 3286 1108 3320 αν

94 3337 156 3389 εδδ.
177 3337 205 3386 Η
274 3340 304 3387 17
324 3343 352 3388 et
368 3340 401 3389 18
423 3323 499 3389 ούτω
506 3329 559 3415 δη
581 3335 627 3402 τι]
652 3337 726 3388 Idem
748 3335 851 3402 IegItur
872 3334 957 3387 212ss
983 3341 1012 3386 et
1032 3337 1107 3402 apud

95 3404 263 3455 Herodotum
284 3420 341 3455 non
363 3405 461 3487 εεοιελ,
485 3392 560 3457 οὕτω
576 3423 604 3456 τι
626 3404 787 3483 saepissime
810 3405 884 3468 apud
906 3403 1107 3455 Phssostratum

96 3476 127 3522 ‘21
155 3464 226 3524 αύτὸ
250 3473 276 3522 V
360 3475 394 3524 23
422 3491 474 3541 της
503 3465 602 3539 ἑορτῆς
635 3464 840 3539 ἐπιλαβόμενος
866 3471 892 3522 V
970 3473 1004 3521 24
1033 3461 1107 3523 άπο-

98 3533 176 3607 φύει
198 3541 224 3590 V
