2392 3960
121 147 184 212 308
421 146 563 199 ιοιιλαι
586 145 835 197 ιιιεεελυοειε

123 274 210 345 οὕτω
245 275 281 344 δὲ
314 276 370 343 καὶ
401 277 461 361 τῆς
497 275 628 342 ἐκείνου
661 276 834 360 διατριβῆς
870 275 1139 363 προυγέγραπτο,

122 389 228 468 ἔγνως
255 378 299 449 όέν
317 378 545 470 πρὸ-πόντων,
574 377 624 448 ότι
643 377 683 448 τόι
710 377 794 468 πρὸς
820 379 899 461 τοὺς
916 377 1021 461 θεοὺς
1044 377 1138 449 εὐσε-

122 495 193 576 βεῖς
224 486 311 556 εἶναι
343 488 399 555 καὶ
435 489 627 574 μεμυῆσθαι
663 485 771 555 πάντα
807 484 848 554 τὰ
880 485 1045 574 μυστήρια
1081 489 1139 556 καὶ

120 597 310 663 τετελέσθαι
342 592 400 673 τὰς
432 588 616 678 ἁγιωτάτας
651 590 781 672 τελετὰς
817 593 873 660 καὶ
906 586 962 662 διὰ
1000 592 1138 662 πάντων

122 704 191 768 τῶν
210 698 418 789 μαθημάτων
444 691 547 786 ήχθαι
565 713 635 779 τοῖς
653 707 731 767 είσω
749 701 811 767 τοῦ
838 699 1021 788 περιπάτου
1040 705 1165 787 βαδίι

123 815 215 889 ζουσι
244 805 497 896 προηγορεόετο.

69 917 138 980 238'
202 912 257 982 Σὺ
289 913 326 981 δὲ
358 909 448 992 ὅπως
484 906 563 999 ήμϊν
599 910 643 1000 μή
680 910 740 981 τὸν
773 912 920 999 Διογένη
957 911 1141 1001 προβαλὼν

122 1017 232 1106 ὥσπερ
259 1045 291 1087 τι
319 1027 565 1106 μορμολυκεῖον
594 1017 790 1106 ἐκφοβήσης.
833 1014 874 1086 οό
902 1016 965 1106 γὰρ
994 1019 1140 1108 ἐμυήθη,

122 1132 238 1213 φασίν,
267 1123 350 1194 ἀλλὰ
368 1125 424 1192 καὶ
442 1121 526 1211 πρὸς
544 1122 605 1192 τὸν
633 1124 934 1214 (προ)τρεπόμενον
952 1129 1141 1213 μυηθῆναι,

25 1318 28 1323 .
124 1239 273 1317 Γελοῑον,
302 1227 403 1317 εἶπεν,
432 1222 641 1318 ὦνεανίσκε,
669 1236 701 1299 εί
725 1228 805 1312 τοὺς
823 1229 884 1319 μὲν
911 1231 1056 1312 τελώνας
1075 1241 1140 1302 οίει
1154 1257 1178 1296 1⁰

122 1338 244 1425 ταύτης
280 1339 376 1405 ἕνεκα
411 1340 469 1424 τής
504 1340 633 1425 τελετής
668 1337 889 1425 κοινωνήσειν
924 1353 995 1418 τοῖς
1032 1334 1142 1421 ὁσίοις

122 1447 190 1511 τῶν
218 1447 255 1512 ἐν
283 1441 370 1534 ᾅδου
396 1446 522 1529 καλῶν,
548 1440 744 1531 Ἀγησίλαον
771 1443 808 1512 δέ
835 1445 891 1512 καλ
916 1441 1141 1532 Ἐπαμεινών-

124 1556 189 1619 δαν
217 1553 254 1618 ἐν
281 1553 326 1641 τῷ
359 1549 513 1641 βορβόρῳ
545 1557 725 1621 κείσεσθαι.
771 1553 886 1636 τοῦτο,
919 1542 945 1619 6
973 1559 1141 1638 νεανίσκε,

124 1656 216 1743 βαθὺ
245 1663 321 1725 λίαν
349 1657 416 1724 ἐστὶ
436 1657 492 1724 καὶ
511 1656 671 1744 δεόμενον
698 1657 892 1744 ἐξηγήσεως,
920 1653 966 1738 ως
993 1658 1143 1745 ἐμαυτὸν

83 1769 243 1848 Βπείθω,
272 1769 430 1849 μείζονος,
459 1759 549 1844 ὅπως
555 1759 655 1891 ήμῑυ
674 1760 772 1831 αόταλ
801 1768 894 1832 δολεν
913 1766 951 1831 αἱ
974 1765 1055 1832 θεαὶ
1079 1763 1178 1854 τήνω

123 1872 288 1938 ἐπίνοιαν
316 1876 438 1956 νομίζω
467 1866 563 1937 δὲ’
522 1868 630 1959 αυτήν
653 1867 719 1957 ήδη
737 1897 793 1938 και
783 1869 985 1938 δεδόσθαι.
1022 1879 1142 1958 φαίνε-

122 1973 176 2044 ται
195 1974 259 2063 γὰρ
278 1971 296 2045 6
317 1977 483 2063 Διογένης
502 1973 574 2063 οὐχ,
603 1997 712 2099 ωσπερ
732 1971 826 2064 ὑμεῖς
849 1972 991 2063 όιξιοῦτε,
1019 1980 1142 2048 δυσσε-

123 2083 200 2171 βής,
233 2078 305 2151 ἀλλ’
337 2085 406 2150 ἐκεί
391 2088 490 2168 ένοις,
520 2073 568 2150 οἷν
600 2085 706 2173 μικριό
732 2081 886 2209 πρόσθεν
913 2082 1143 2173 ἐπεμνήσθην,

123 2188 334 2276 προσόμοιος
385 2185 516 2257 όιπιδών
557 2186 621 2276 γὰρ
663 2194 710 2269 είς
745 2186 807 2276 τήν
843 2194 1037 2280 περίστασιν
1079 2189 1144 2279 τήν

122 2297 380 2382 καταλαβοῦσαν
412 2291 532 2380 αὐτόν,
569 2293 639 2363 εἶτα
671 2301 719 2375 είς
749 2293 808 2375 τὰς
840 2293 976 2377 ἐντολὰς
1002 2295 1178 2383 ’βλέπωνιο

124 2406 184 2470 τοῦ
216 2408 356 2470 Πυθίου
388 2403 444 2470 καὶ
477 2408 605 2488 συνείς,
639 2398 690 2470 ότι
721 2399 782 2471 τὸν
814 2401 1007 2490 μυούμενον
1039 2404 1144 2493 ἐχρῆν

86 2517 106 2571 C
125 2511 462 2596 πολιτογραφηθήυαι
489 2495 657 2595 πρότερον
670 2508 727 2577 καὶ
752 2504 944 2595 Ἀθηναῖον,
972 2513 1004 2576 εί
1020 2511 1079 2578 καὶ
1097 2508 1142 2599 μή

125 2614 241 2701 φύσει,
269 2616 314 2704 τῷ
343 2603 435 2705 νόμω
464 2641 501 2700 γε
528 2616 702 2700 γενέσθαι,
735 2617 834 2682 τοῦτο
862 2619 1004 2702 ἔφυγεν,
1033 2612 1078 2684 06
1103 2615 1141 2685 τὸ

125 2723 311 2808 μυηθῆναι,
339 2726 483 2806 νομίζων
511 2716 615 2789 αὑτὸν
643 2719 731 2789 εἶναι
753 2723 815 2789 τοῦ
832 2721 961 2808 κόσμου
989 2728 1140 2810 πολίτην,
1182 2716 1186 2747 ⁴

127 2899 248 2974 λόγον“
233 2926 265 2966 ος
288 2905 368 2986 coh]
395 2903 486 2959 αυτοῦ
511 2944 602 2960 ......
626 2909 697 2960 Vet
714 2925 731 2958 v
818 2902 1053 2975 6προηγόρευτο
1075 2910 1140 2964 001>

127 2969 329 3058 λπροσβαλων
347 2976 371 3024 V
451 2978 467 3027 8
491 2969 662 3055 ἐκφοβήσεις
682 2976 748 3029 Cob.
829 2975 1005 3055 9φησλν7,
1025 2976 1140 3042 φσὶε.

127 3044 231 3108 Scripsi
249 3042 340 3109 φασίν
372 3051 376 3105 Ι
407 3037 641 3109 προτρεπόμενον
659 3043 730 3108 Pon]
750 3037 925 3123 τρεπόμενον
957 3043 963 3108 Ι
986 3061 1047 3112 μνη
1093 3062 1141 3097 ναι

125 3112 194 3161 Rsk.
215 3116 242 3160 et
260 3113 348 3175 Wytt.
367 3112 402 3160 ad
420 3112 495 3161 Plut.
514 3127 580 3162 mor.
599 3115 630 3162 21
644 3110 679 3179 F]
703 3106 889 3193 ἐκμυηθήναι
960 3115 993 3163 10
1015 3113 1141 3173 nime

126 3181 150 3228 V
221 3182 250 3228 11
270 3172 459 3256 κοινωνήσειν
476 3177 511 3245 V]
530 3172 681 3233 κοινιόσειν
714 3179 718 3242 Ι
750 3173 839 3238 ὁσίοις
858 3175 936 3245 Οολ).]
955 3179 1041 3240 θεοῖς
1110 3182 1140 3232 12

122 3238 343 3310 Ἐπαμεινόδαν
362 3247 447 3296 tacite
459 3207 536 3312 Cob.]
552 3241 772 3324 Ἐπαμινώνδαν
825 3249 856 3298 13
873 3245 1028 3301 κείσεσθαι
1040 3244 1139 3330 wytt3]

126 3314 245 3366 κεῖσθαι
333 3316 366 3364 14
384 3307 444 3365 ἐστι
462 3314 524 3369 add.
543 3317 567 3365 V
648 3318 680 3367 15
698 3302 786 3381 ὅπως]
806 3305 909 3374 ὁποίας
927 3315 954 3365 Η
1037 3319 1070 3368 19
1087 3312 1140 3381 τήν

126 3380 295 3448 περίστασιν
313 3380 347 3448 V]
366 3379 534 3443 περίστασιν
603 3386 634 3434 21
659 3381 764 3450 συνείς]
786 3380 896 3442 συνιείς
913 3383 940 3434 Η
1009 3385 1045 3434 22
1060 3384 1140 3439 πολι·

126 3449 352 3533 τογραφηθήναι
382 3448 418 3515 V]
449 3449 699 3517 κολιτογραφήναι
786 3453 819 3502 23
845 3466 877 3517 γε
900 3449 969 3501 Rsk.
990 3454 1019 3502 et
1042 3449 1081 3520 Η]
1107 3446 1140 3505 δὲ

126 3521 159 3568 24
179 3512 311 3570 αὐτόνδι’
