2392 3960
437 152 641 239 εειευοιιε
659 156 703 206 ιι.
719 155 762 208 τε.
1041 153 1105 219 545
1156 173 1157 176 κ

89 289 269 358 ἐθέλουσιν
292 286 384 375 οἶμαι
406 284 499 356 κακά.
543 287 669 368 πάντας
691 288 754 375 μὲν
778 280 842 357 οῦν
863 288 926 378 χρὴ
948 288 1029 369 τοῦς
1048 291 1104 358 καὶ

89 393 207 464 ὁτιοῦν
240 396 412 462 διδάσκειν
443 395 748 482 ἐπαγγελλομένους
774 393 862 464 εἶναι
890 394 952 464 τὸν
977 393 1104 483 τρόπον

89 503 242 595 ἐπιεικεῖς
263 501 319 569 καὶ
342 498 387 588 μη
410 498 580 587 μαχόμενα
597 514 668 580 τοῖς
686 503 838 591 δημοσίᾳ,
850 507 1104 588 [μεταχαρακτη-

88 608 251 698 ρίζοντας]
282 609 321 675 τὰ
346 611 383 676 ἐν
405 610 444 696 τῇ
468 609 557 695 ψυχῇ
580 608 697 695 φέρειν
720 605 925 694 δοξάσματα,
956 606 1044 701 πολὺ
1067 607 1104 676 δὲ

60 715 193 782 επλέον
224 711 382 782 ἁπάντων
414 710 506 798 οἶμαι
534 716 607 781 δεῖν
634 711 721 781 εἶναι
747 715 922 793 τοιούτους
949 713 1024 784 ὅσοι
1052 717 1104 785 ε’πλ

86 818 203 905 λόγοις
224 835 295 900 τοῖς
316 821 406 899 νέοις
424 824 673 905 συγγίγνονται,
695 823 763 888 τῶν
780 823 933 889 παλαιόν
951 822 1103 910 ἐξηγηταί

87 925 285 1014 γιγνόμενοι
309 924 590 1013 συγγραμμάτων,
621 933 685 992 εἴτε
707 923 845 1012 ῥήτορες
867 935 932 994 εἴτε
954 940 1145 1015 γράμμα-Ι)

86 1039 186 1117 τικοί,
209 1032 264 1100 καὶ
287 1037 335 1099 ἔτι
357 1034 460 1101 πλέον
483 1035 519 1100 οί
539 1035 704 1117 σοφισταί.
720 1029 911 1116 ,βούλονται
933 1031 998 1120 γὰρ
1019 1032 1104 1121 πρὸς

86 1153 159 1218 τοῖς
190 1136 303 1217 ἄλλοις
333 1135 374 1206 οὐ
401 1124 523 1218 λέξεων
548 1135 671 1224 μόνον,
703 1132 804 1224 Ιἧθῦν
831 1136 869 1207 δὲ
896 1135 981 1206 εἶναι
1010 1139 1103 1208 διδά-

42 1270 73 1309 10
88 1253 222 1330 σκαλοι,
253 1246 309 1312 καὶ
336 1242 373 1313 τὸ
397 1241 480 1311 κατὰ
503 1247 590 1329 σφᾶς
617 1241 707 1312 εἶναί
731 1263 814 1330 φασι
840 1243 904 1332 τὴν
929 1247 1104 1335 πολιτικὴν
1181 1277 1194 1293 ⁸

65 1357 306 1440 ,φιλοσοφίαν
333 1354 365 1418 εί
385 1350 447 1437 μὲν
470 1340 534 1421 οὖν
556 1345 681 1435 ἀληθὲς
702 1344 723 1436 ἢ
746 1347 804 1436 μή,
824 1353 924 1420 τοῦτο
946 1348 1102 1438 ἀφείσθω

87 1464 166 1529 νῦν.
210 1460 355 1526 έπαινῦν
379 1456 416 1524 δὲ
439 1453 562 1535 αὐτοὺς
585 1453 691 1535 οὕτως
713 1456 970 1544 έπαγγελμάτιον
992 1462 1104 1527 καλῶν
1188 1549 1191 1553 .

88 1563 312 1653 ὀρεγομένους
344 1559 549 1648 ἐπαινέσαιμ’
579 1556 623 1628 διν
655 1566 703 1628 ἔτι
734 1562 852 1650 πλέον,
888 1568 920 1633 εί
949 1562 994 1652 μὴ
1025 1565 1104 1645 ψεό·

89 1676 205 1741 δοιντο
229 1666 307 1759 μηδ’
332 1668 533 1755 έξελέγχοιεν
550 1665 674 1747 αῦτοὺς
691 1670 786 1756 ἕτερα
804 1668 867 1755 μέν
885 1675 1104 1760 φρονοῦντες,

43 1808 73 1848 15
90 1765 306 1856 διδάσκοντες
338 1774 374 1843 δὲ
410 1773 490 1853 τοῦς
524 1773 765 1860 πλησιάζοντας
800 1777 903 1863 ἔτερα.
953 1784 990 1845 τί
1023 1772 1103 1863 οῦνς

83 1883 215 1974 Ὁμήρῳ
239 1884 353 1971 μέντοι
375 1881 431 1948 καὶ
449 1878 595 1970 Ἡσιόδῳ
617 1879 673 1947 καὶ
697 1882 914 1968 Δημοσθένει
935 1884 991 1951 καί
1006 1883 1156 1974 Ἡραίαν

90 1990 179 2081 δότῳ
211 1989 267 2057 καί
295 1991 486 2076 Θουκυδίδῃ
517 1986 573 2054 καὶ
597 1982 775 2074 Ἰσοκράτει
796 1987 858 2077 μιαί
885 1993 996 2079 Λυσίᾳ
1027 1993 1103 2061 θεοί

76 2091 198 2183 ’πάσης
230 2093 392 2182 ἡγοῦνται
423 2097 584 2174 παιδείας.
629 2089 690 2179 οῦη
718 2096 754 2160 οί
777 2092 843 2180 μὲν
862 2092 988 2182 Ἑρμοῦ
1015 2101 1102 2184 σφᾶς
1115 2123 1142 2164 εο

90 2202 218 2291 ίεροός,
250 2207 286 2272 οί
316 2202 353 2269 δὲ
382 2204 533 2269 Μουσῶν
563 2197 731 2286 ένόμιζονς
768 2197 894 2269 άτοπον
921 2201 983 2288 μὲν
1011 2201 1103 2292 οἶμαι

46 2338 74 2378 εο
89 2309 169 2389 τοὺς
206 2309 448 2397 ἐξηγουμένους
482 2305 523 2374 τά
558 2303 688 2374 τούτων
724 2302 894 2392 ἀτιμάζειν
929 2306 1009 2387 τοῦς
1043 2306 1100 2378 ὑπ’

89 2415 203 2487 αὐτῶν
230 2415 432 2504 τιμηθέντος
458 2411 570 2492 θεούς.
616 2408 657 2480 οὐ
680 2409 748 2497 μὴν
770 2409 883 2498 ἐπειδὴ
906 2415 1006 2481 τοῦτο
1029 2413 1104 2489 άτρ·

89 2549 156 2591 πον
179 2521 283 2609 οἶμαι,
306 2520 391 2608 φημὶ
415 2522 487 2587 δεῖν
510 2515 633 2597 αὐτοῦς
655 2518 901 2605 μεταθεμένους
922 2532 993 2598 τοῖς
1015 2521 1105 2601 νέοις

89 2642 258 2698 συνεῖναι·
282 2631 403 2713 δίδωμι
428 2626 465 2694 δὲ
488 2629 618 2711 αἵρεσιν
641 2621 686 2711 μὴ
710 2621 883 2691 διδάσκειν
905 2619 927 2691 ά
947 2623 992 2712 μὴ
1011 2633 1103 2715 νομί·
1173 2703 1176 2710 ,

91 2742 184 2817 ζουσι
199 2737 376 2816 σπουδαῖα,
391 2731 619 2818 βουλομένους
633 2728 671 2799 δὲ
685 2726 858 2797 διδάσκειν
872 2734 957 2821 έργμ
970 2736 1104 2819 πρῦτον
1121 2746 1145 2801 Β

46 2867 74 2908 25
90 2842 147 2909 καὶ
188 2847 318 2908 πείθειν
359 2833 438 2915 τοῦς
473 2834 627 2923 μαθητάς
667 2834 712 2915 ὡς
746 2833 825 2917 μῦτε
848 2833 992 2924 Ὅμηρος
1027 2837 1104 2907 οῦτε

160 3033 174 3080 1
199 3024 280 3094 οἶμαι
298 3029 399 3078 abesse
411 3025 516 3076 mavult
533 3024 618 3076 Hroh.
644 3022 649 3090 Ι
676 3017 729 3091 χρὴ
747 3018 845 3090 Hrch.]
865 3025 937 3089 χρῆν
1007 3030 1104 3078 3814

89 3094 425 3165 μεταχαρακτηρίζοντας
452 3093 561 3146 uncinis
579 3090 693 3142 inclusit
711 3092 747 3169 Η,
817 3092 915 3143 5ο16
942 3084 991 3146 έπὶ
1009 3087 1104 3161 λόγοις

89 3169 153 3224 τοῖς
171 3163 248 3223 νέοις
266 3165 323 3217 Pet.
343 3157 454 3228 τροπὴ]
474 3153 521 3212 ἐπὶ
539 3155 618 3218 νέοις
635 3161 696 3218 τοῖς
715 3159 810 3222 λογοις
866 3160 882 3209 6
900 3161 1105 3229 συγγίγνονται

39 3272 43 3276 -
88 3232 146 3298 Pk]
166 3231 351 3316 συγγίνονται
420 3221 621 3295 Ὶγιγνόμενσι
640 3222 696 3293 Pk]
715 3219 865 3293 γινόμενοι
936 3231 968 3281 10
985 3221 1030 3294 τό]
1050 3223 1104 3280 πάλ

90 3305 125 3353 14
144 3296 248 3359 αὐτους
267 3306 347 3349 mart.
367 3295 394 3364 1]
415 3288 522 3354 αῦτοῦς
557 3297 589 3346 16
605 3289 719 3361 μέντοι]
738 3287 793 3359 μέν
811 3294 877 3345 Rsk.
894 3293 899 3358 Ι
919 3292 1104 3361 Δημοσθένει

89 3370 158 3424 Rsk.
178 3374 205 3420 et
216 3363 315 3432 Hrch.]
336 3359 521 3430 Δημοσθένει
539 3360 638 3430 μέντοι
675 3364 706 3413 19
724 3356 788 3426 μὲν]
808 3358 909 3428 μέντοι
922 3365 990 3416 Rsk.
1008 3363 1104 3417 Malim

90 3425 144 3488 σῦν
212 3443 245 3490 23
267 3437 412 3487 συνεῖναι·
441 3431 547 3496 δίδωμι
573 3430 641 3482 Rsk.
659 3432 688 3480 ετ
705 3426 744 3494 Η]
769 3426 929 3496 συνδίδωμι
998 3433 1031 3482 25
1053 3430 1104 3487 καὶ

90 3505 156 3558 fort.
173 3505 315 3558 delendum
826 3547 830 3553 .

144 3600 249 3640 Iulianus
263 3600 294 3640 11.
853 3584 887 3634 35
