2392 3960
127 152 166 217 16
426 153 571 207 IULIANI
587 153 836 206 IMPERATORIS

81 287 261 369 Βέχεσθαι
293 283 480 369 πανταχοῦ,
513 284 636 364 ἐθίζων
663 281 701 349 δὲ
727 279 766 350 τὸ
799 282 893 369 σῶμα
925 295 996 363 τοῖς
1023 282 1142 366 πόνοις

125 387 208 479 πρὸς
234 386 293 469 τάς
320 385 502 476 μεταβολάς
529 390 613 479 ῥᾷον
633 387 809 474 διήνεγκας
836 386 898 474 τὴν
926 389 962 456 ἐκ
981 393 1141 459 Γαλατῶν

126 499 173 575 είς
199 501 423 584 Παρθυαίους
455 491 583 563 άνοδον
611 490 669 584 (6)
701 496 769 562 τῶν
800 499 974 563 πλουσίων
1006 498 1041 563 oc
1069 511 1142 578 ταῖς

126 598 229 691 ῶραις
259 599 322 690 την
354 610 486 688 οἴκησιν
524 600 866 689 συμμεταβάλλοντες,
898 606 929 668 εί
959 599 1049 690 παρά
1080 602 1142 671 τὸν

125 706 244 797 καιρὸν
272 715 452 796 βιασθεῖεν.
497 713 557 775 καί
581 734 637 794 μοι
665 712 761 775 δοκεῖ
783 705 864 787 θεὸς
892 702 1032 795 εὐμενὴς
1059 708 1168 799 πρὸςε

123 812 187 902 την
214 815 282 882 τῶν
310 811 399 882 ὅλων
425 808 609 902 ἡγεμονίαν
636 814 669 895 ἐξ
698 809 801 901 ἀρχῆς
832 811 894 900 τὴν
927 811 991 901 σην
1019 810 1143 904 ἀρετὴν

124 919 387 1009 παρασκευάζειν
429 921 572 1005 ἐθέλων,
613 920 723 1010 κύκλῳ
762 938 799 988 σε
835 934 1049 1009 περιαγαγεῖν
1085 925 1142 991 καὶ

126 1027 285 1107 ἐπιδεῖξαι
316 1029 374 1113 τῆς
406 1022 508 1114 ἀρχῆς
541 1022 671 1113 ἀπάσης
704 1022 806 1114 ὅρους
836 1027 893 1095 καὶ
929 1028 1054 1115 πέρατα
1086 1030 1142 1098 καὶ

126 1131 232 1218 φύσιν
250 1137 382 1221 χωρίων
409 1133 466 1200 καὶ
485 1131 626 1219 με’γεθος
652 1131 762 1223 χώρας
779 1133 835 1200 καὶ
864 1131 1010 1220 δύναμιν
1028 1136 1141 1203 ἐθνῶν

74 1256 108 1307 14
125 1239 181 1306 καὶ
208 1241 338 1325 πλῆθος
363 1237 494 1306 πόλεων
520 1240 576 1306 καὶ
604 1238 710 1366 (ρύσιν
738 1237 854 1326 δήμων
880 1241 936 1307 καὶ
963 1236 1001 1308 τὸ
1030 1240 1141 1329 κράτι-
1155 1274 1181 1315 10

126 1363 207 1413 στου
246 1341 359 1412 αὐτῶν
397 1347 549 1432 ἐκείνων,
586 1343 650 1432 τὴν
682 1351 876 1434 γερουσίαν
915 1337 964 1414 ῶν
1001 1343 1142 1428 οὐδενὸς

126 1446 369 1538 ἀπολελεῖφθαι
396 1448 460 1539 χρὴ
487 1448 547 1519 τὸν
579 1449 662 1540 πρὸς
689 1451 856 1539 τοσαύτην
888 1448 995 1541 ἀρχὴν
1021 1454 1141 1544 τρεφό-

126 1583 238 1682 μενον.
284 1554 320 1624 τὸ
354 1557 509 1643 μέγιστον
542 1556 579 1625 δὲ
611 1560 732 1646 μικροῦ
764 1584 804 1645 με
836 1560 997 1646 διέφυγεν
1025 1563 1141 1647 εἰπεῖν,

127 1659 178 1730 ότι
205 1661 334 1730 τούτων
362 1657 519 1730 ἀπάντων
547 1660 662 1751 άρχειν
681 1665 716 1730 ἐκ
739 1668 871 1731 παίδων
891 1665 1141 1753 διδασκόμενος,

126 1764 290 1856 άρχεσθαι
320 1782 471 1856 κρεῖττον
503 1774 640 1855 ἔμαθες,
678 1765 762 1857 ἀρχῇ
793 1771 832 1857 τῇ
868 1772 986 1837 πασῶν
1024 1768 1140 1861 ἀρίστῃ
1156 1804 1182 1846 15

126 1875 182 1943 καὶ
202 1873 404 1962 δικαιοτάτη,
423 1873 524 1962 φύσει
542 1901 576 1942 τε
598 1875 655 1942 καὶ
673 1874 777 1966 νόμῳ,
807 1873 932 1945 σαυτὸν
954 1871 1140 1959 ύποτιθείς·

126 1981 225 2069 πατρὶ
253 1979 317 2069 γάρ
345 1975 511 2067 ύπηκουες
530 1977 597 2068 άμα
619 1981 675 2050 καὶ
703 1987 845 2068 βασιλεῖ·
874 1972 922 2050 ῶν
950 1987 981 2049 εί
1002 1983 1058 2049 καὶ
1075 1983 1140 2050 θά-

125 2113 223 2177 τερον
255 2082 403 2176 ὑπῆρχεν
435 2089 550 2180 ἐκείνῳ
583 2086 704 2174 μόνον,
741 2084 854 2177 άρχειν
886 2083 976 2177 αύτῷ
1009 2087 1141 2168 πάντως

86 2195 299 2282 Βπροσηκον
325 2184 377 2280 ἦν.
413 2199 522 2262 καίτοι
548 2199 626 2262 τίνα
643 2188 716 2262 ποτ’
742 2188 790 2260 ’άν
817 2218 865 2272 τις
888 2190 1017 2280 ἐξεύροι
1045 2199 1140 2280 βασι-

126 2297 223 2387 λικὴν
249 2297 381 2391 τροφὴν
407 2301 463 2369 καὶ
490 2303 645 2368 παιδείαν
664 2295 787 2387 ἀμείνω
815 2296 937 2385 ταύτης
958 2297 1060 2367 πάλαι
1088 2327 1140 2387 γε·
1156 2334 1182 2374 20

126 2406 288 2495 νομένην;
331 2404 409 2476 ούτε
450 2403 514 2495 γάρ
554 2403 818 2493 Λακεδαιμόνιοι
857 2406 926 2472 τῶν
963 2400 1141 2494 Ἑλλήνων,

128 2516 221 2602 οἵπερ
251 2511 291 2600 δὴ
320 2515 481 2582 δοκούσιν
509 2507 645 2602 ἀρίστης
668 2509 770 2602 ἀρχῆς
796 2513 854 2600 τῆς
880 2513 948 2578 τῶν
975 2513 1142 2600 βασιλέων

128 2625 339 2707 μεταλαβεῖν,
372 2616 459 2688 ούτω
491 2616 572 2700 τούς
595 2614 810 2709 Ἡρακλείδας
837 2620 1031 2705 ἐπαίδευον,
1065 2616 1142 2687 ούτε

127 2728 196 2794 τῶν
228 2725 410 2815 βαρβάρων
443 2730 478 2794 οί
506 2718 750 2815 Καρχηδόνιοι,
783 2724 1037 2812 βασιλευόμενοι
1069 2728 1141 2791 δια-

128 2831 310 2922 φερόντως,
338 2836 396 2919 τῆς
425 2829 560 2922 ἀρίστης
583 2829 824 2919 ἐπιμελείας
793 2858 853 2900 τον
872 2827 1016 2922 άρχοντα
1044 2832 1142 2918 σφῶν
1156 2862 1182 2904 25

127 2935 259 3026 ἠξίουν
293 2935 376 3008 ἀλλὰ
403 2941 507 3007 πᾶσιν
538 2941 581 3025 ην
612 2936 711 3007 κοινά
742 2935 782 3006 τά
810 2935 900 3028 παρδι
931 2940 999 3005 τῶν
1026 2935 1142 3025 νόμων

89 3047 185 3132 0669
217 3042 335 3133 ἀρετῆς
366 3045 535 3134 γυμνάσια
572 3046 627 3113 καὶ
659 3043 699 3112 τά
731 3045 954 3133 παιδεύματα,
990 3042 1142 3133 καθάπερ

129 3148 289 3237 ἀδελφοῖς
320 3166 390 3233 τοῖς
425 3157 575 3233 πολίταις
612 3148 724 3240 άρξειν
755 3178 792 3221 τε
822 3152 878 3219 καὶ
911 3146 1143 3238 ἀρχθησεσθοιι

129 3258 300 3345 μέλλουσι,
332 3260 387 3327 καὶ
421 3254 523 3327 οὐδὲν
556 3258 724 3346 διάφορον
751 3260 881 3347 προσῆν
913 3262 961 3337 είς
991 3261 1144 3338 παιδείας

197 3395 212 3443 3
236 3391 429 3470 Παρθυαίους
451 3392 489 3459 Η]
515 3385 656 3473 Πάρθους
682 3385 729 3459 1
713 3412 731 3459 η
755 3392 817 3443 add.
837 3391 905 3446 Rsk.
932 3389 936 3456 Ι
964 3386 1008 3511 οίί]
1035 3387 1064 3443 οἳ
1085 3392 1143 3444 VM

129 3463 146 3512 4
151 3452 451 3541 συμμεταβάλλοντες
469 3457 505 3544 V]
525 3454 760 3541 μεταβάλλουσιν
824 3461 839 3510 6
861 3452 986 3543 ἠγεμονί
985 3475 1022 3510 αν
1045 3452 1143 3527 ξαρ

130 3524 182 3595 χῇς
201 3529 260 3581 Rsk
263 3520 371 3595 .ξ’]ἐ
320 3527 443 3597 ξαρχης
463 3523 620 3596 ἡγεμονίαν
688 3532 722 3582 25
740 3520 876 3595 ἄρχοντα]
895 3519 1037 3594 άρξονταῖ
