2392 3960
105 159 166 224 116
405 158 549 211 mmm
568 159 816 211 IMPERATORIS

104 287 198 357 ἀλλοι
227 287 263 356 δέ
292 283 511 375 ἀπαραίτητοι
528 292 648 375 κριταί,
676 288 745 354 τῶν
764 283 978 373 ἀδικημάτων
1006 282 1120 366 ὀξελαν

103 396 159 464 καὶ
188 392 304 481 δεινὴν
332 393 509 479 ἐπάγοντες
542 398 641 479 δίκην
670 395 751 475 ζῶσί
775 419 809 460 τε
841 388 1037 482 ἀνθρώποις
1064 394 1121 460 καὶ

104 498 306 570 ἀπολυθεϊσι
337 501 406 567 τῶν
438 499 615 585 σωμάτων,
649 503 684 568 οί
714 497 751 566 δὲ
784 495 893 588 ῶσπερ
926 497 1040 587 δήμιοι
1073 525 1120 567 τι-

65 614 214 697 Ομωροί
238 634 326 687 τινες
350 607 407 675 καλ
435 602 670 695 άποπληρωταλ
688 607 757 673 τῶν
784 606 1026 693 δικασθέντων,
1054 607 1120 675 ἕτε-

104 741 167 804 ρον
193 716 261 781 τῶν
289 712 430 800 φαύλων
456 713 512 781 καλ
541 709 696 800 ἀνοήτων
728 710 901 799 δαιμόνων
928 710 965 780 τὸ
995 714 1147 798 φῦλονέ

104 817 125 888 ἃ
154 819 196 907 δὴ
224 821 384 907 μιμητέον
411 822 458 910 τῷ
485 825 629 909 γενναίῳ
657 820 713 887 καλ
741 826 909 906 θεοφιλεῖ,
941 819 997 887 καλ
1024 845 1120 906 μετα-

104 928 223 995 δοτέον
259 934 394 1006 πολλολς
429 925 493 1020 μένι
527 921 645 1013 ἀρετῆς
681 923 738 993 διὰ
776 930 889 1012 φιλίας
925 927 959 1005 ἐς
993 925 1121 1012 ταύτην

103 1030 166 1120 τὴν
194 1038 388 1118 κοινωνίαν,
416 1028 518 1119 ἀρχάς
537 1029 575 1100 δέ
593 1032 804 1119 ἐπιτρεπτέον
832 1036 955 1112 οἰκείας
979 1030 1121 1101 ἑκάστου

103 1142 144 1227 τῇ
172 1139 273 1226 φύσει
301 1139 357 1207 καλ
384 1139 586 1228 προαιρέσει,
614 1138 661 1229 τῷ
689 1136 750 1224 μέν
778 1133 945 1227 ἀνδρῶδει
972 1138 1028 1206 καλ
1047 1147 1121 1207 τολ-

104 1247 199 1337 μηρῳ
227 1245 283 1313 καὶ
316 1244 539 1336 μεγαλοθάμῳ
572 1242 652 1331 μετὰ
680 1245 842 1325 ξυνέσεως
874 1244 1121 1334 στρατιωτικάς,
1135 1275 1159 1316 ιο

105 1348 152 1419 ἵν’
183 1357 230 1431 είς
262 1352 342 1420 δέον
374 1357 431 1439 ἔχη
463 1352 509 1442 τῷ
541 1353 643 1442 θυμῶ
676 1353 822 1439 χρῆσθαι
853 1351 909 1419 καὶ
941 1352 981 1440 τῇ
1015 1350 1121 1440 ῥῶμη,

104 1460 150 1550 τῶ
180 1462 298 1548 δικαίῳ
328 1456 365 1525 δὲ
396 1458 452 1526 καλ
484 1456 578 1548 πρᾴῳ
611 1458 667 1524 καί
696 1456 927 1548 φιλανθρώπῳ
955 1458 1011 1525 καλ
1038 1456 1123 1548 πρὸς

60 1561 219 1633 Βοίκτον
247 1560 391 1652 εὐχερῶς
419 1564 628 1655 ἐπικλωμένῳ
656 1566 725 1631 τῶν
743 1566 922 1632 πολιτικῶν
949 1561 1007 1644 τὰς
1035 1560 1122 1652 ἀμφὶ

103 1668 144 1738 τὰ
178 1668 451 1757 συναλλάγματα,
489 1675 651 1757 βοηθείας
682 1684 752 1750 τοῖς
780 1666 1034 1757 ἀσθενεστέροις
1065 1672 1122 1738 καὶ

105 1772 344 1865 ἁπλουστέροις
384 1775 626 1863 μηχανώμενον
662 1776 718 1845 καὶ
760 1778 878 1863 πένησι
919 1774 1002 1864 πρὸς
1042 1775 1160 1858 τοδςιι

106 1881 265 1971 ίσχυρούς
297 1884 354 1951 καὶ
387 1879 582 1964 ἀπατεῶνας
612 1883 668 1952 καὶ
701 1882 916 1972 πανούργους
943 1884 999 1951 καί
1028 1885 1122 1951 έπαι-

105 1991 269 2079 ρομέυους
296 2003 366 2069 τοῖς
397 1989 563 2079 χρήμασιν
601 1991 633 2071 ἐς
660 1987 697 2058 τὸ
731 1989 904 2077 βιάζεσθαι
936 1989 993 2057 καὶ
1020 1984 1121 2079 ὑπερ-

106 2098 192 2185 ορῶν
218 2099 277 2183 της
305 2100 410 2183 δίκης,
437 2098 483 2187 τῷ
503 2096 540 2164 δὲ
560 2097 592 2177 ἐξ
612 2093 740 2183 ἀμφοῖν
768 2097 958 2186 κεκραμένῳ
986 2097 1122 2183 μείζονά

104 2229 139 2270 τε
167 2205 204 2270 έν
231 2204 271 2291 τῇ
304 2202 397 2271 πόλει
429 2200 528 2289 τιμην
560 2203 616 2271 καὶ
649 2202 795 2290 δύναμιν
828 2203 1037 2293 περιθετέον,
1065 2204 1122 2272 καὶ

105 2304 196 2400 αὐτῶ
224 2306 283 2389 τάς
306 2305 389 2399 ὑπέρ
408 2310 476 2376 τῶν
500 2304 744 2398 ἁμαρτημάτων
770 2315 904 2398 κρίσεις,
933 2303 984 2389 οἷς
1011 2310 1122 2378 ἕπεται
1137 2341 1162 2383 ω

53 2433 85 2482 91
106 2421 247 2505 τιμωρία
274 2416 330 2484 καὶ
364 2415 500 2495 κόλασις
527 2419 658 2495 ένδικος
690 2412 741 2483 ἐπ’
773 2412 916 2505 ῶφελείῳ
948 2417 1017 2482 τῶν
1048 2413 1122 2485 ἀδι-

106 2523 292 2608 κουμένων,
321 2517 434 2610 ὀρθῶς
461 2517 503 2589 ἀν
522 2522 578 2588 καὶ
597 2520 773 2610 ἐμφρόνως
792 2527 964 2607 λογίζοιτο.
1005 2528 1123 2611 κρίνας

106 2625 170 2715 γάρ
199 2623 217 2695 ὁ
246 2629 398 2708 τοιοῦτος
426 2624 614 2709 ἀδεκάστως
633 2625 701 2714 ἅμα
719 2641 789 2707 τοῖς
817 2630 993 2717 συνέδροις
1015 2651 1122 2718 παρα-

106 2733 207 2802 δῶσει
234 2737 280 2826 τῷ
313 2738 421 2825 δημίῳ
453 2732 494 2801 τά
527 2736 724 2821 γνωσθέντα
757 2735 931 2819 ἐπιτελεῖν,
960 2730 1037 2802 οὔτε
1065 2733 1123 2804 διά

105 2842 220 2927 θυμοῦ
248 2842 391 2928 μέγεθος
420 2837 496 2908 οὔτε
514 2839 571 2908 διὰ
590 2846 756 2928 μαλακίαν
783 2843 892 2928 ψυχῆς
919 2836 1122 2929 ἁμαρτάνων
1136 2868 1163 2913 ετ

174 2997 188 3043 7
212 2994 267 3057 „R
285 2994 403 3053 πολλοῖς
420 3009 474 3072 μεν
491 2990 542 3058 τῆς
561 2983 666 3044 ἕαυτου
685 2983 790 3058 ἀρετῆς
808 2989 858 3043 διά
877 2992 978 3057 φιλίας
997 2991 1053 3057 (vel
1073 3011 1123 3059 φι·

107 3060 188 3124 λίαν)
213 3030 254 3119 είς
278 3055 387 3140 ταύτην
410 3054 464 3125 τὴν
485 3057 641 3111 κοινωνίαν
665 3060 926 3142 προσληφθεισινέι
951 3061 1019 3110 Rsk.
1091 3065 1124 3113 10

106 3121 312 3209 στρατιωτικάς
329 3125 400 3195 Pet]
419 3125 623 3193 στρατιωτικῆς
693 3131 725 3179 16
744 3120 964 3194 ἐπαιρομένους]
985 3121 1123 3181 ἔπαινον·

105 3193 211 3276 μένρυς
229 3196 254 3245 V
323 3198 355 3247 18
379 3190 564 3262 κεκρυμμένα
581 3198 606 3247 V
675 3199 707 3247 19
730 3212 760 3247 τε
785 3202 833 3246 aut
857 3197 963 3246 deleam
986 3203 1035 3247 aut
1058 3202 1124 3263 post

106 3262 194 3329 τιμὴν
219 3280 329 3328 ponam.
364 3264 426 3313 Vid
449 3269 542 3315 tamen
568 3263 603 3314 ed
626 3264 692 3314 700
765 3267 796 3314 21
824 3260 874 3314 καὶ
902 3255 937 3315 ου’
958 3257 1075 3323 κόλασις
1098 3266 1123 3315 V

106 3335 139 3382 22
163 3329 313 3398 λογίζοιτο]
337 3327 365 3381 Si
388 3331 575 3410 incorruptum
598 3339 654 3394 est,
680 3328 818 3383 excidisse
841 3332 981 3397 quidpiam
1004 3333 1123 3397 videtur,

106 3401 226 3450 fortasse
251 3392 409 3481 ἐπιτρέπων
433 3404 496 3465 post
508 3368 743 3479 ἀδικουμένων
762 3399 827 3453 Rsk,
856 3405 937 3465 putat
958 3371 1124 3466 περιτιθεὶς

107 3484 155 3549 pro
179 3463 351 3545 περιθετέον
374 3473 456 3547 atque
479 3455 570 3546 αάτρὶς
593 3482 642 3544 pro
666 3459 744 3548 αὐτῷ
768 3483 828 3518 esse
848 3467 1019 3518 scribendum
1089 3471 1124 3520 23

108 3529 123 3585 ὁ
142 3552 271 3596 τοιουτος
290 3526 454 3596 ἀδεκάστως
470 3533 506 3601 V]
527 3525 723 3594 ἀδεκάστως
709 3551 723 3584 ο
743 3532 872 3594 τοιοῦτος
1105 3554 1112 3559 ·
