2392 3960
106 156 170 222 232
408 157 550 210 ιυιιιαι
572 155 820 208 ιυεεαεεοειε

108 284 195 354 οὕτω
215 283 321 372 παχὺς
338 283 401 371 τὴν
419 283 540 372 ψυχήν,
556 279 593 364 δς
612 280 654 352 ού
672 288 841 370 συνίησιν,
860 281 911 352 ὅτι
930 281 976 352 δι’
998 281 1125 373 Ἑρμοῦ

106 393 168 481 μὲν
195 393 251 460 καὶ
276 388 475 479 Ἀφροδίτης
502 387 712 458 ἀνακαλεῖται
745 389 853 458 πάντα
879 393 1053 479 πανταχοῦ
1081 389 1123 460 τά

108 502 166 586 τῆς
192 498 352 585 γενέσεως
384 503 500 585 ἔχοντα
527 495 565 564 τὸ
598 499 694 565 ἕνεκα
720 499 784 564 τοῦ
814 496 921 584 πάντη
953 498 1009 566 καὶ
1037 497 1123 566 πάν-

108 631 187 690 τως,
220 600 239 671 δ
272 606 333 672 τοῦ
366 602 470 689 λόγου
507 603 648 691 μάλιστα
685 603 775 671 ἴδιόν
811 604 916 685 &oum
944 600 1053 684 ’Ἀττις
1087 603 1124 672 δὲ

109 708 171 799 ούχ
204 701 302 790 οῦτός
335 711 424 778 ἐστιν
457 705 613 800 δμικρςό
644 709 795 797 πρόσθεν
822 706 958 799 ἄφρων,
989 712 1056 778 νῦν
1085 709 1148 778 δὲε

110 815 245 886 άκούων
272 813 329 884 διὰ
346 812 409 904 τὴν
427 813 568 905 ἐκτομὴν
596 815 717 903 σοφόςς
745 812 866 905 δίφρων
893 814 954 903 μὲν
982 812 1034 884 ὅτι
1060 814 1124 904 τὴν

109 922 195 1011 ῦλην
227 927 329 992 είλετο
361 924 418 992 καὶ
444 920 507 1011 τὴν
539 924 671 1008 γένεσιν
698 921 919 1010 ἐπιτροπεύει,
951 918 1058 1009 σοφὸς
1086 921 1124 991 δὲ

65 1027 160 1099 Βὸτι
187 1027 225 1099 τὸ
259 1028 431 1116 σκύβαλον
457 1031 556 1097 τοῦτο
590 1033 637 1110 είς
664 1028 783 1109 κάλλος
815 1027 976 1115 ἐκόσμησε
1002 1031 1123 1097 τοσοῦ-

109 1162 169 1204 του
196 1136 251 1204 καὶ
278 1137 490 1222 μετέστησεν,
518 1131 601 1204 ὅσον
629 1131 758 1222 οὐδεμί’
788 1130 831 1202 άν
857 1133 1035 1222 μιμήσαιτο
1064 1131 1123 1203 άν-

108 1240 258 1330 θρῶπων
294 1243 391 1329 τέχνη
429 1242 485 1308 καὶ
519 1240 660 1321 σύνεσις.
710 1238 793 1309 ἀλλά
831 1247 865 1308 τί
893 1242 996 1330 πέρας
1032 1246 1124 1309 ἔσται
1138 1265 1162 1304 10

108 1375 164 1436 μοι
196 1351 265 1416 τῶν
292 1346 417 1432 λόγους
449 1343 470 1436 ἢ
500 1350 604 1434 δῆλον
632 1342 676 1427 ῶς
704 1342 722 1415 ὁ
750 1351 808 1435 τῆς
840 1345 984 1435 μεγάλης
1016 1343 1124 1434 ῦμυος

107 1457 206 1535 θεούς

183 1552 224 1627 Ὦ
251 1562 344 1628 θεῶν
376 1560 432 1627 καὶ
459 1556 652 1648 ἀνθρώπων
683 1562 799 1648 μῆτερ,
832 1550 859 1627 ῶ
886 1561 947 1628 τοῦ
974 1559 1123 1647 μεγάλου

109 1666 264 1735 σύνθοκε
296 1668 352 1733 καὶ
385 1663 557 1754 σύνθρονε
584 1666 683 1750 Διός,
716 1656 742 1733 ῶ
770 1663 859 1754 πηγὴ
892 1668 961 1733 τῶν
993 1669 1124 1754 νοερῶν

108 1774 215 1859 θεῶν,
249 1763 275 1840 ῶ
307 1774 375 1840 τῶν
403 1774 535 1860 νοητῶν
565 1785 637 1853 ταῖς
669 1770 846 1861 άχράντοις
877 1767 1009 1852 οὐσίαις
1042 1792 1124 1841 συν-
1138 1795 1163 1837 ιε

109 1881 284 1968 δραμοῦσα
316 1879 371 1947 καὶ
403 1874 465 1967 τὴν
496 1876 615 1965 κοινὴν
647 1881 683 1947 ἐκ
714 1877 850 1947 πάντων
877 1883 990 1946 αἰτίαν
1016 1875 1124 1969 παραέ

55 1986 275 2073 18οδεξαμίνη
304 1985 359 2054 καὶ
391 2000 461 2066 τοῖς
498 2000 629 2073 νοεροῖς
660 1987 842 2053 ἐνδιδοῦσα
880 1983 1022 2070 ζωογύνε
1057 1983 1125 2054 θεὰ

108 2093 164 2161 καὶ
201 2095 296 2181 μῆτις
333 2093 389 2160 καλ
425 2090 568 2179 πρόνοια
605 2092 660 2160 καί
695 2093 765 2159 τῶν
800 2086 968 2179 ἡμετέρων
1003 2095 1125 2179 ψυχῶν

109 2199 302 2289 δημιουργί,
332 2189 358 2266 ῶ
386 2195 446 2267 τὸν
473 2199 578 2286 με’γαν
596 2196 772 2275 Διόνυσον
799 2193 961 2283 ἀγαπῶσα
988 2195 1126 2268 καὶτὸν

100 2303 212 2373 ’Ἁττιν
244 2305 420 2374 ἐκτεθέντα
447 2304 699 2393 αερισωσαμένη
731 2305 786 2373 καὶ
814 2302 915 2372 πάλιν
943 2299 1049 2372 αι’τδν
1071 2310 1126 2386 είς
1139 2329 1163 2369 κ

109 2410 145 2481 τὸ
174 2414 236 2500 γῆς
254 2408 379 2501 ἄντρον
405 2411 657 2498 καταδυόμενον
680 2409 905 2496 ίπανάγουσα,
933 2400 960 2477 ῶ
986 2408 1126 2479 πάντων

109 2517 171 2606 μὲν
203 2515 348 2605 ἀγαθῶν
379 2532 448 2598 τοῖς
479 2531 610 2606 νοεροϊς
640 2513 809 2606 ἡγουμένη
845 2525 955 2603 θεοῖς,
987 2515 1126 2586 πάντων

109 2623 148 2692 δὲ
184 2621 424 2713 άποπληροῦσα
460 2621 522 2692 τὸν
559 2621 725 2711 αἰσθητὸν
761 2623 903 2712 κόσμον,
940 2622 1048 2691 πάντα
1086 2623 1126 2693 δὲ

109 2726 189 2819 ἡμῖν
222 2732 259 2799 ἐν
290 2732 393 2799 πᾶσιν
425 2726 538 2817 άγαδὰ
565 2731 786 2820 χαρισαμένη,
819 2733 920 2798 δίδου
946 2732 1029 2798 πάσι
1061 2729 1126 2818 μὲν

68 2834 306 2927 Βάνθρῶποις
346 2833 580 2924 εὐδαιμονίαν,
620 2828 660 2924 ἧς
699 2837 737 2906 τὸ
777 2835 962 2923 κεφάλαιον
997 2831 1018 2924 ἡ
1054 2839 1126 2906 τῶν
1139 2861 1163 2902 τε

109 2945 202 3012 θεῶν
229 2945 353 3030 γνῶσίς
379 2945 458 3029 ἐστι,
486 2945 583 3034 κοινῇ
606 2943 644 3012 δὲ
661 2946 707 3035 τῶ
731 2939 903 3031 Ῥωμαίων
928 2940 1034 3034 δήμῳ,
1061 2943 1124 3031 μά-

108 3058 204 3119 λιστα
231 3049 293 3138 μὲν
325 3046 576 3139 άποτρίιγασδαι
603 3052 661 3139 τῆς
693 3046 874 3138 ἀθεότητος
904 3045 966 3136 τὴν
992 3054 1125 3137 κηλῖδα,

107 3153 192 3244 πρὸς
225 3156 262 3226 δὲ
293 3157 350 3225 καὶ
387 3154 449 3244 τὴν
480 3156 585 3245 τύχην
621 3153 744 3245 εύμενη
780 3157 1126 3245 συνδιακυβερνῶσαν

193 3401 206 3448 1
225 3389 360 3457 013ch
440 3392 506 3449 διὸ
526 3391 612 3450 ἕνεκα
629 3398 689 3450 κτλ.
708 3402 836 3462 συντομία
852 3403 917 3447 sunt
994 3399 1009 3446 ἵ
1029 3395 1124 3450 είλετο

108 3469 168 3517 Pet.
189 3472 217 3517 et
236 3462 347 3533 spanh]
367 3463 467 3517 εἵλατο
552 3468 568 3516 8
587 3469 648 3517 et9
671 3463 808 3517 τοσοῦτον
825 3461 875 3516 καὶ
892 3460 931 3530 Η]
955 3461 1006 3516 καί
1024 3466 1123 3518 τοσοῦ·

108 3550 157 3585 τον
227 3526 377 3600 9ούδεμί
397 3522 434 3584 διν
452 3531 489 3599 Η]
507 3526 633 3600 ούδεμία
702 3535 734 3583 ’27
752 3531 859 3599 κηλῖδα
876 3529 916 3599 Η]
935 3530 1043 3598 κηλίδα
