2392 3960
10 39 180 179 ,ι

54 312 152 372 θεῖον
179 304 242 370 τοῦ
268 297 341 370 κατ’
371 302 542 390 ἐνέργειαν
570 303 772 387 διαφανοῦς;
806 299 889 371 αύτδ
918 300 955 370 δὲ
983 299 1016 389 ὅ,
1035 309 1071 371 τί

53 410 136 479 ποτέ
165 410 235 477 ἐστι
266 404 304 476 τὸ
343 408 520 494 διαφανές,
557 409 637 475 πᾶσι
670 407 731 495 μὲν
768 404 813 489 ώς
849 415 927 489 ἐπος
963 413 1068 478 εἰπεῖν

53 520 344 602 συνυποκείμενον
362 528 432 594 τοῖς
450 520 624 601 στοιχείοις
646 515 702 582 καὶ
721 509 762 582 όν
781 512 893 583 αύτών
911 515 1069 604 προσεχὲς

54 620 157 708 εἶδος,
187 617 229 690 ού
256 618 475 709 σωματοειδὲς
503 616 584 689 ούδέ
610 620 884 709 συμμιγνύμενον
912 618 993 690 οὐδὲ
1011 619 1070 702 τὰς

27 732 180 809 ιοίκείας
207 727 334 816 σώματι
356 729 578 817 προσιέμενον
604 727 789 815 ποιότητας.
831 726 958 797 οὔκουν
978 733 1070 797 ίδίαν

53 828 162 903 αὐτοῦ
189 836 321 924 θέρμην
348 836 447 923 ἐρεῖς,
480 830 519 901 ου’
549 830 611 921 τὴν
644 835 801 901 ἐναντίαν
833 831 917 922 αὐτῇ
945 834 1069 922 ψυχρό-

52 966 152 1028 τητα,
190 937 233 1009 ού
264 938 301 1009 τὸ
340 939 501 1029 σκληρόν,
538 936 581 1007 ού
612 937 650 1008 τὸ
688 937 839 1026 μαλακὸν
875 938 1070 1024 ἀποδώσεις,

54 1043 132 1116 οὐδ’
172 1044 276 1135 ἀλλην
312 1044 387 1115 τινὰ
423 1049 492 1114 τών
527 1043 610 1113 κατὰ
646 1045 709 1133 τὴν
750 1042 843 1134 ἁφὴν
881 1049 1124 1135 διαφορών,134

54 1150 185 1223 ούκουν
222 1149 303 1222 οὐδὲ
338 1155 456 1240 γεῦσιν
498 1148 578 1220 οὐδὲ
615 1149 738 1241 ὀδμήν,
780 1151 854 1235 όψει
892 1152 929 1222 δὲ
965 1152 1071 1241 μόνον

11 1282 40 1323 1⁰
54 1255 235 1331 ὑποπίπτει
261 1256 345 1348 πρὸς
371 1260 541 1348 ἐνέργειαν
564 1253 630 1326 ὑπὸ
658 1262 719 1327 τοῦ
746 1257 858 1346 φωτὸς
884 1255 905 1346 η
933 1258 1070 1346 τοιαύτη

55 1366 160 1453 φύσις
192 1362 347 1454 ἀγομένη.
391 1364 429 1434 τὸ
459 1364 496 1434 δὲ
524 1366 596 1451 φώς
629 1363 719 1445 εἶδός
746 1368 815 1433 ἐστι
847 1365 969 1452 ταύτης
998 1359 1072 1433 οἷον

58 1470 142 1560 ὕλης
150 1467 417 1595 ὑπεστρωμένης
434 1474 490 1539 καὶ
509 1473 807 1559 παρεκτεινομέυης
824 1488 894 1552 τοις
913 1471 1072 1560 σώμασιν.

57 1575 165 1647 αὐτοῦ
198 1578 235 1646 δε
266 1582 328 1647 τοῦ
361 1575 471 1664 φωτὸς
507 1575 605 1657 όντος
641 1574 819 1665 ἀσωμάτου
857 1575 998 1667 ἀκρότης
1031 1573 1074 1644 ἀν

59 1695 111 1772 είη
138 1712 188 1764 τις
215 1686 271 1752 καὶ
303 1681 413 1774 ὥσπερ
446 1681 553 1764 ἀνθος
585 1680 724 1764 ἀκτῖνες.
770 1714 790 1773 η
819 1684 880 1771 μὲν
915 1686 978 1752 οὐν
1005 1686 1074 1751 τών

17 1810 46 1853 1⁵
60 1797 231 1860 Φοινίκων
264 1790 361 1877 δόξα,
398 1793 517 1877 σοφών
552 1787 593 1858 τά
628 1800 707 1858 θεία
738 1793 795 1859 καὶ
832 1790 1074 1879 ἐπιστημόνων,

60 1895 228 1987 ἄχραντον
259 1895 346 1965 εἶναι
378 1898 549 1985 ἐνέργειαν
587 1893 693 1964 αύτού
725 1900 786 1965 τού
818 1899 974 1986 καθαροῦ
1011 1898 1075 1964 νοῦ

58 2000 122 2091 τὴν
150 1999 322 2092 ἁπανταχῇ
349 2006 539 2092 προϊοῦσαν
563 1998 673 2089 αύγην
700 2008 778 2090 έφη·
808 2000 870 2071 ούκ
898 1999 1018 2092 ἀπᾴδει
1038 2001 1116 2069 δέΒ

60 2105 141 2178 οὐδὲ
170 2105 188 2178 ὁ
216 2110 330 2197 λόγος,
359 2118 449 2198 είπερ
478 2106 559 2176 αὐτὸ
587 2105 624 2176 τὸ
654 2111 727 2194 φώς
755 2105 943 2196 ἀσώματον,
971 2117 1004 2176 εί
1027 2133 1077 2188 τις

61 2212 169 2285 αύτοῦ
205 2216 288 2305 μηδὲ
325 2213 387 2302 τὴν
427 2213 539 2306 πηγὴν
579 2211 745 2301 ύπολάβοι
786 2218 896 2302 σώμα,
938 2217 1003 2282 νού
1040 2211 1076 2281 δέ

18 2344 47 2385 ²⁰
61 2324 233 2412 ἐνέργειαν
265 2319 431 2412 ἀχραντον
463 2327 511 2401 είς
537 2317 599 2409 τὴν
627 2326 755 2390 οίκείαν
786 2323 889 2411 ἕδραν
917 2323 1076 2407 ἐλλαμπο-

60 2431 183 2517 μένην,
220 2425 241 2517 ἣ
277 2432 339 2498 τοῦ
379 2426 504 2508 παντὸς
546 2425 696 2517 ούρανοῦ
727 2425 764 2495 τὸ
798 2429 901 2514 μέσον
938 2435 1078 2513 εἴληχεν,

61 2533 149 2605 ὅθεν
180 2535 411 2623 έπιλάμπουσα
438 2534 546 2621 πόσης
578 2532 639 2621 μέν
671 2531 825 2614 εὐτονίας
852 2543 976 2623 πληροί
999 2530 1079 2612 τοὺς

62 2638 248 2733 ούρανίους
278 2641 438 2728 κύκλους,
470 2640 579 2708 πάντα
612 2638 649 2707 δὲ
680 2640 875 2730 περιλάμπει
907 2645 990 2732 θείῳ
1024 2639 1079 2707 καὶ

62 2746 216 2840 ἀχράντρι
246 2753 341 2835 φωτί.
386 2746 426 2816 τὰ
454 2748 567 2835 μέντοι
595 2749 632 2814 ἐν
658 2761 729 2827 τοῖς
755 2757 850 2828 θεοίς
877 2753 957 2837 ἔργα
984 2762 1079 2834 προϊ-

23 2855 145 2925 ὔόντα
178 2852 256 2944 παρ’
288 2851 394 2923 αύτού
431 2858 570 2943 μετρίως
601 2879 636 2921 τε
668 2848 748 2940 ἡμῖν
782 2851 884 2945 όλίγω
917 2852 1081 2942 πρότερον

62 2971 193 3053 εἴρηται
220 2963 275 3029 καὶ
304 2960 488 3050 ῥηθήσεται
521 2956 589 3047 μετ’
621 2956 745 3045 ὀλίγον.
793 2957 855 3028 ὅσα
884 2958 920 3027 δὲ
950 2955 1120 3047 ὁρώμενΟ

63 3066 151 3158 αὐτῇ
178 3070 312 3157 πρώτον
345 3065 421 3149 ὄψει
449 3064 556 3154 ὄνομα
588 3065 695 3153 μόνον
728 3067 820 3134 ἐστὶν
848 3072 948 3156 έργου
976 3064 1079 3152 τητώ-

460 119 596 225 ORATIO
615 173 662 228 lv,
1005 175 1066 240 173

135 3289 150 3337 5
168 3300 357 3368 προσιεμενον
376 3286 428 3335 Pet
417 3289 447 3344 t.]
467 3278 640 3364 προιέμενον
727 3285 742 3333 9
766 3275 874 3334 ούκουν
879 3282 928 3361 H]
950 3274 1056 3333 ούκουν
1076 3278 1079 3349 l

65 3348 144 3432 ὀδμη
138 3347 290 3434 'vlibri]'
275 3343 367 3432 νομήν
438 3354 468 3402 17
491 3344 626 3432 ἄπανταχ
664 3342 733 3413 V]
718 3349 891 3417 απανταχοῦ
961 3353 993 3400 19
1011 3341 1078 3400 ύπο-

69 3372 154 3501 λάβοι
172 3419 206 3487 V]
225 3413 509 3499 ύπολάβειΜοΕΓ,
528 3368 698 3485 ύπολαάην
767 3420 892 3470 25F0rt.
911 3417 1031 3495 μετρίως
1050 3434 1081 3481 γε

67 3492 101 3541 27
119 3505 261 3570 ονομα-
280 3482 440 3555 τιμώμενον
459 3489 506 3541 cit
537 3487 683 3538 Βοίδιον.
702 3479 861 3551 τιμώμενος
888 3483 892 3551 Ι
919 3478 1083 3551 τητώμενοι

68 3557 107 3624 Η]
128 3573 297 3623 τιμώμενον.
330 3558 365 3607 cf
385 3556 468 3607 12οΒ
