2370 3908
121 173 164 237 60
421 172 567 225 IULIANI
585 170 835 223 IMPERATORIS

121 300 247 383 πάντας
279 292 317 369 εὖ
348 314 457 369 ποιεῖν
489 301 544 368 καὶ
577 310 751 387 μιμεῖσθαι
782 295 844 386 τὴν
875 304 975 368 θείαν
1007 301 1044 367 έν
1077 297 1140 369 άν-

121 408 273 497 θρῶποις
301 405 418 495 φύσιν·
450 406 563 497 πράως
594 405 656 493 μὲν
683 411 770 493 ἔχειν
801 402 884 494 πρὸς
916 402 1037 496 ὀργήν,
1068 409 1140 476 τῶν

81 516 291 603 Βτιμωριῶν
319 513 356 582 δὲ
384 509 603 602 ἀφαιρεῖσθαι
630 509 688 593 τάς
714 510 951 600 χαλεπότητας,
978 518 1138 581 πταίσασι

123 619 160 689 δὲ
179 618 271 710 οἶμαι
298 634 368 700 τοῖς
387 621 520 710 ἐχθροῖς
543 620 693 699 ἐπιεικῶς
719 618 776 687 καὶ
794 614 1017 706 εὐγνωμόνως
1034 639 1138 710 προσ-

123 728 296 815 φέρεσθαι.
341 727 446 794 ταῶτα
473 722 642 813 πράττων,
669 728 774 793 ταῦτα
800 724 999 812 θαυμάζων,
1031 728 1169 794 ταῦται

121 847 192 913 τοῖς
224 831 336 913 άλλοις
367 831 582 922 προστάττων
613 841 787 919 μιμεῖσθαι
818 828 881 918 τὴν
909 826 1037 920 Ῥώμην
1064 833 1138 920 μέν,

122 944 169 1007 έτι
201 942 263 1008 τοῦ
294 939 466 1028 τυράννου
498 941 701 1027 κρατοῦντος
727 940 786 1026 τῆς
809 933 963 1024 Ἰταλίας,
995 932 1054 1006 διά
1080 941 1139 1025 τῆς

122 1051 300 1135 γερουσίας
336 1050 383 1125 είς
414 1049 582 1113 Παιονίαν
618 1044 831 1131 μετέστησας,
868 1043 1069 1133 προθύμους
1101 1044 1139 1113 δέ

122 1149 206 1237 εἶχες
237 1149 296 1231 τὰς
327 1149 439 1230 πόλεις
471 1147 555 1238 πρὸς
585 1147 644 1230 τάς
675 1155 892 1239 λειτουργίας.
936 1152 1005 1218 τῶν
1039 1169 1137 1239 στρα-

121 1256 294 1344 τευμάτων
322 1255 360 1326 δέ
386 1254 450 1344 τὴν
481 1253 619 1325 εὔνοιαν
645 1261 696 1337 τίς
726 1252 770 1324 άν
797 1253 897 1337 άξίως
925 1255 1138 1344 διηγήσαιτο;
1153 1277 1177 1319 1⁰

121 1361 212 1443 τάξις
238 1361 299 1449 μέν
328 1363 454 1430 ίππέων
481 1360 623 1450 πρὸτῆς
650 1364 687 1430 έν
714 1365 754 1451 τῇ
773 1362 898 1452 Μόρση
925 1362 1139 1453 παρατάξεως

83 1468 346 1556 Ομεθειστηκει,
380 1469 449 1537 ἐπεὶ
478 1467 516 1536 δέ
547 1471 604 1556 τῆς
634 1465 772 1548 Ἰταλίας
803 1467 999 1558 ἐκράτησας,
1031 1471 1139 1551 πεζῶν

121 1574 301 1661 κατάλογοι
332 1575 389 1643 καὶ
422 1577 498 1662 τέλη
530 1574 671 1664 λαμπρά.
718 1571 801 1643 άλλά
832 1572 870 1643 τὸ
904 1573 1024 1664 μικρὸν
1057 1574 1139 1662 μετὰ

122 1679 184 1768 την
211 1684 273 1749 τοῦ
300 1679 470 1771 τυράννου
493 1683 641 1768 δυστυχῆ
668 1678 825 1768 τελευτὴν
854 1682 890 1748 ἐν
910 1686 1057 1771 Γαλατία
1085 1709 1137 1768 γε·

122 1785 268 1873 νόμενον
305 1784 426 1874 κοινὴν
463 1781 620 1854 ἁπάντων
663 1788 765 1868 ἔδειξε
807 1788 1040 1875 στρατοπέδων
1075 1785 1139 1875 τὴν
1154 1805 1177 1848 1⁶

123 1890 271 1979 εὔνοιαν,
299 1891 360 1962 τὸν
386 1892 646 1983 θρασυνόμενον
664 1891 817 1980 καθάπερ
845 1889 896 1960 ἐπ’
928 1895 1064 1982 ἐρημίας
1082 1896 1140 1962 καὶ

121 1995 184 2086 τὴν
212 2006 408 2084 γυναικείαν
436 1995 620 2089 ἁλουργίδα
637 1997 902 2088 περιβαλόμενον
927 1996 1037 2090 ῶσπερ
1063 1999 1140 2068 τινὰ

122 2105 226 2173 λύκον
254 2108 413 2194 ἐξαίφνης
440 2106 730 2192 διασπασαμένων.
772 2102 862 2186 ὅστις
889 2104 927 2173 δὲ
955 2107 1008 2174 έπλ
1035 2105 1140 2195 ταότη

123 2212 264 2298 γέγονας
282 2215 322 2301 τῇ
350 2211 475 2302 πράξει,
502 2213 558 2280 καὶ
577 2209 668 2292 ὅπως
684 2210 799 2302 πρᾴως
817 2208 920 2279 άπασι
943 2213 999 2280 καὶ
1018 2220 1139 2299 φιλαν-

78 2316 268 2406 Βθρῶπως
303 2334 373 2400 τοῖς
410 2322 541 2387 ἐκείνου
573 2309 753 2407 γνωρίμοις
785 2319 1032 2406 προσηνέχθης,
1065 2315 1141 2388 ὅσοι
1155 2336 1177 2379 ν

122 2422 228 2510 μηδὲν
255 2421 433 2512 ἠλέγχοντο
462 2427 576 2515 ἐκείνῳ
605 2423 869 2511 συμπράξαντες,
901 2426 1034 2493 πολλῶν
1064 2430 1140 2512 ἐφε-

123 2529 293 2616 στηκότων
320 2533 359 2618 τῇ
387 2534 570 2620 κατηγορίᾳ
603 2532 842 2617 συκοφαντῶν,
874 2530 930 2598 καλ
961 2526 1023 2617 τὴν
1055 2529 1141 2621 πρὸς

122 2636 252 2703 ἐκείνου
290 2641 407 2724 φιλίαν
440 2631 642 2705 ὑποπτεύειν
675 2635 781 2723 μόνον
816 2635 1039 2722 κελευόντων,
1072 2634 1139 2722 έγῶ

122 2739 184 2827 μὶν
212 2737 341 2830 ἁπάσης
374 2738 492 2831 ιἰρετῆς
523 2748 658 2830 τίθεμαι
684 2739 722 2810 τὸ
751 2740 944 2828 κεφάλαιον.
990 2743 1046 2811 καὶ
1074 2740 1140 2832 γάρ

123 2848 274 2929 ἐπιεικῶς
300 2849 356 2918 καὶ
384 2852 521 2930 δικαίως
540 2850 626 2936 φημὶ
653 2848 709 2916 καὶ
727 2846 814 2916 πολὺ
832 2850 934 2918 πλέον
962 2847 1141 2939 έμφρόνως
1155 2867 1177 2909 θ

121 2954 321 3043 πεπράχθαι.
372 2952 462 3036 ὅστις
498 2954 536 3023 δὲ
573 2952 680 3034 άλλως
715 2948 843 3042 ἡγεῖται
878 2955 934 3023 καὶ
970 2957 1028 3043 τῆς
1064 2957 1141 3046 περὶ

191 3186 423 3258 θχαλεπότητας
440 3189 477 3257 V]
497 3182 701 3258 χαλεπωτάτας
771 3192 803 3241 10
826 3183 998 3255 διηγήσαιτο
1017 3191 1143 3242 seriben-

122 3258 184 3309 dum
205 3264 253 3308 aut
271 3247 308 3309 δν
326 3259 475 3311 delendum
493 3273 555 3311 esse
572 3259 678 3309 monuit
692 3257 810 3317 Sabaei,
830 3256 898 3324 διηγ
911 3253 1004 3324 ’σηται
1022 3257 1056 3319 V,
1075 3257 1143 3324 διη·

121 3318 241 3391 γήσεται
259 3341 276 3376 v
330 3330 360 3377 11
378 3326 414 3393 τῇ
431 3322 524 3394 μόρση
543 3323 579 3391 V]
599 3317 705 3392 Μόρση
758 3328 789 3376 12
807 3317 870 3376 ἐπεὶ
889 3275 923 3377 d]
941 3322 1014 3392 Pon]
1035 3317 1139 3377 ἔπειθ’

122 3397 154 3444 17
183 3386 412 3460 περιβαλόμενον
439 3391 485 3460 H]
508 3388 754 3460 περιβαλλόμενον
779 3394 816 3451 V,
845 3390 1070 3459 περιτιθέμενον
1092 3345 1144 3460 v]

121 3459 208 3511 τινῶν
232 3454 347 3513 λόιιωνλ
433 3463 466 3512 23
490 3452 603 3513 ἐκεῖνον
619 3457 693 3527 VM]
718 3456 837 3513 ἐκείνων
922 3463 956 3511 24
974 3452 1017 3528 τὸ]
1036 3457 1145 3519 wito?

122 3528 158 3580 cf.
177 3528 213 3582 ad
230 3530 313 3580 251A
