2392 3960
132 120 198 206 '100
437 144 846 196 IULIANIIMPERATORIS

135 299 206 341 νων
234 269 335 353 αὑτὸς
368 273 535 358 ἐξαγγελεῖ
563 273 619 341 καλ
648 272 850 361 διηγήσεται.
895 269 932 340 τὸ
962 269 1000 339 δὲ
1033 272 1086 339 ἐπὶ
1113 270 1151 341 τὸ

134 392 247 467 χεῖρον
279 389 454 467 μιμεῖσθαι
484 381 732 466 καταγέλαστον
763 380 819 447 καλ
848 376 911 448 ούκ
938 374 1033 458 ἀξιον
1062 380 1152 448 ἕλευ-

94 485 241 575 Βθέρας
272 487 380 574 ψυχῆς
416 486 472 553 καὶ
508 490 673 572 γενναίας.
722 484 763 554 τδι
794 485 856 573 μὲν
893 482 934 573 δή
970 484 1152 572 θαυμαστὰ

133 594 203 660 τῶν
235 598 343 682 ἔργων
375 593 431 660 καλ
463 587 598 661 ὁπόσων
631 588 649 661 ὁ
681 590 786 673 πολύς
817 589 932 679 ὅμιλος
962 590 1087 679 θεατής
1117 619 1152 661 τε

135 699 264 785 ἐγένετο
292 701 348 768 καλ
376 697 530 787 διασῶζει
556 697 619 787 τήν
646 698 780 788 μνήμην
807 694 869 780 ξὺν
902 694 1066 788 εὐφημία,
1095 696 1177 768 ἀτετ

135 806 168 885 ἐς
197 803 263 894 (τὸ)
291 806 384 885 τέλος
412 802 552 895 ἀφορῶν
579 806 635 874 καὶ
662 808 731 874 τῶν
753 796 793 874 εύ
818 800 839 893 ή
867 806 976 886 κακῶς
1003 800 1151 892 ἀποβάν-

133 938 202 979 των
230 908 343 1001 κριτής
370 909 541 993 καθεστῶς
559 913 615 980 καλ
644 913 816 1000 ἐπαινέτης
835 907 873 978 ου’
903 909 991 998 μύλα
1010 905 1151 997 ἀστεῖος,

134 1013 297 1104 ἀκηκόατε
324 1017 482 1099 πολλάκις
508 1021 577 1087 τῶν
605 1024 778 1106 μακαρίων
807 1006 1061 1104 σοφιστῶνκαλ
1089 1020 1152 1086 τού

133 1126 309 1210 ποιητικοῦ
336 1125 457 1209 γένους
483 1122 567 1213 πρὸς
594 1121 705 1193 αύτῶν
736 1126 805 1193 τῶν
833 1126 971 1213 μουσῶν
999 1126 1150 1193 ίπιπνεο-

133 1231 254 1317 μένου,
288 1227 372 1299 ῶστε
403 1226 490 1318 ὑμᾶς
520 1230 650 1301 τούτων
687 1233 784 1300 ἕνεκα
815 1231 871 1299 καὶ
909 1230 1151 1318 διωχλήκαμεν,
1166 1259 1189 1300 ιο

134 1337 360 1426 μακροτέρους
395 1335 474 1417 τοὺς
510 1333 595 1426 ὑπὲρ
632 1334 745 1406 αὐτῶν
782 1336 979 1425 ποιούμενοι
1015 1336 1150 1423 λόγους·

94 1444 190 1513 Οκαὶ
217 1443 281 1532 γάρ
314 1446 385 1511 ἕστε
416 1449 493 1512 λίαν
526 1441 638 1513 αύτῶν
669 1441 735 1532 ήδη
769 1449 936 1532 διακορεῖς
966 1445 1022 1512 καὶ
1054 1439 1151 1531 ὑμῶν

133 1551 204 1617 ἐστι·
228 1547 269 1617 τδι
298 1540 366 1618 ῶτα
393 1550 516 1639 πλήρη,
548 1553 604 1619 καὶ
632 1547 675 1619 ού
701 1550 746 1638 μή
777 1576 856 1619 ποτε
889 1553 1084 1619 ἐπιλίπωσιν
1118 1555 1153 1620 οί

132 1655 262 1724 τούτων
289 1664 434 1745 ποιηταί,
461 1659 627 1744 πολέμους
650 1653 835 1744 ὑμνοῦντες
862 1657 917 1725 καλ
945 1662 1040 1738 νίκας
1068 1653 1149 1725 ἀνα-

133 1762 352 1851 κήρύττοντες
379 1766 513 1854 λαμπρᾷ
540 1767 580 1853 τῇ
608 1766 707 1853 φωνή
734 1761 818 1831 κατά
845 1762 925 1843 τούς
950 1759 1151 1851 Ὀλυμπίασι
1165 1790 1189 1833 ω

132 1868 293 1957 κήρυκας·
321 1871 529 1959 παρέσχεσθε
556 1867 620 1960 γάρ
648 1866 743 1958 ὑμεῖς
760 1871 828 1938 τῶν
856 1866 993 1959 ἀνδρῶν
1019 1870 1151 1939 τούτων

134 1971 320 2062 ἀφθονίαν,
348 1973 500 2064 ἀσμένως
527 1976 756 2057 ἐπακούοντες.
802 1977 858 2045 καλ
886 1972 988 2045 οὐδὲν
1014 1986 1150 2065 θαυμαή

134 2081 223 2150 στόν.
269 2084 333 2151 είσλ
365 2081 429 2172 γὰρ
463 2086 501 2151 αί
525 2083 656 2153 τούτων
687 2079 869 2171 ὑπολήψεις
901 2079 1042 2169 ἀγαθῶν
1074 2084 1151 2174 πέρι

90 2189 189 2260 Βκαὶ
217 2189 359 2276 φαύλων
390 2204 462 2270 ταῖς
494 2185 668 2279 ὑμετέραις
696 2191 875 2276 ξυγγενεῖς,
902 2190 957 2257 καὶ
986 2185 1149 2276 ἀπαγγέλ-

133 2303 231 2363 λουσι
262 2293 345 2384 πρὸς
376 2291 464 2383 ὑμᾶς
490 2294 531 2364 τδι
563 2292 659 2383 ὑμῶν
692 2292 805 2364 αὐτῶν
833 2295 1055 2384 διανοήματα,
1088 2292 1149 2385 (δ)
1163 2325 1189 2367 ω

134 2398 244 2493 ῶσπερ
273 2404 399 2489 ἐσθήτα
426 2409 582 2489 ποικίλην
609 2417 680 2483 τοῖς
707 2399 847 2491 όνόμασι
875 2400 1149 2490 σκιαγραφήσαν-

133 2534 186 2588 τες
213 2508 269 2576 καὶ
298 2507 539 2589 διαπλάσαντες
561 2504 711 2596 ἡδίστοις
735 2512 881 2597 ῥυθμοῖς
899 2509 955 2577 καί
983 2507 1150 2596 σχήμασιν

135 2609 180 2694 ῶς
208 2613 250 2701 δή
278 2640 309 2681 τι
336 2612 455 2683 καινὸν
484 2610 639 2703 εὑρόντες
662 2620 709 2696 είς
736 2610 822 2701 ὑμᾶς
850 2612 1026 2705 φέρουσιν·
1054 2609 1151 2702 ὑμεῖς

134 2719 172 2788 δὲ
213 2718 351 2808 ἀσμενοι
392 2722 636 2810 παραδέχεσθε,
677 2723 733 2789 καὶ
775 2723 923 2802 ἐκείνους
963 2747 997 2789 τε
1034 2730 1149 2791 οίεσθε

134 2823 246 2915 ὀρθῶς
274 2830 438 2914 ἐπαινεῖν,
471 2827 603 2910 τούτοις
634 2854 668 2896 τε
702 2825 931 2897 ἀποδίδοσθαι
956 2825 994 2895 τὸ
1022 2830 1148 2917 προσή-
1162 2854 1189 2899 τι

132 2932 195 3001 κόν
229 2960 320 3022 φατε.
370 2933 408 3002 τὸ
442 2935 482 3003 δέ
507 2937 576 3002 ἐστι
608 2933 669 3022 μὲν
697 2944 778 3015 ῖσως
805 2931 943 3023 ἀληθές,
974 2932 1078 3021 τυχὸν
1112 2933 1150 3004 δὲ

163 3116 279 3200 14η]
299 3120 372 3184 γεῖ
441 3111 512 3171 6τδ
530 3118 591 3172 add.
611 3119 678 3170 Rsk.
747 3118 843 3170 9τῶν
861 3135 912 3170 om.
932 3116 990 3199 VJ
1015 3112 1149 3170 ἒπιπνεο-

133 3187 310 3304 γνοῖ,
332 3178 876 3320 ιῖῖιῖακαδιῖκται
896 3184 1150 3307 αλδινα

132 3250 286 3387 {xpm
305 3270 397 3397 ὑερλ·
442 3325 474 3373 19
491 3272 542 3374 κόίὶ
561 3318 681 3388 φαύλων
699 3320 769 3388 Pet.]
788 3272 927 3388 κεφαλὺόὺ
991 3324 1025 3373 20
1042 3310 1062 3372 ἃ
1081 3321 1147 3378 add.

132 3390 201 3440 Rsk.
270 3392 302 3439 21
326 3381 437 3456 ἔσθητα
460 3389 595 3457 ποικίλην
617 3390 749 3441 Matthias
773 3391 873 3442 Sladus
894 3392 924 3439 in
948 3388 1074 3455 exemplo
1098 3405 1148 3443 suo

132 3456 304 3540 Petayianae
328 3457 472 3522 editionis,
495 3460 566 3525 quod
589 3463 688 3525 postea
710 3459 820 3529 Reiskiss
842 3453 1018 3536 factum'est]
1042 3449 1149 3523 ἐσθῆτι

132 3526 249 3594 ποικιλη
315 3517 552 3615 ,λλρἒκείνουςοτε
565 3525 634 3593 VM]
655 3521 784 3586 ἐκείνους
853 3529 886 3578 25
904 3541 1019 3585 τουτοις
1037 3519 1070 3577 δὲ
1088 3526 1115 3578 V
