2370 3908
110 160 255 212 IULIANI
272 160 521 211 IMPERATORIS
541 159 719 210 EPISTOLA
736 159 785 210 AD
803 160 973 211 THEMIST.
1006 157 1069 222 329

50 288 95 354 -έν
132 278 154 374 ῆ
191 287 355 375 πρότερον
383 282 547 375 Ἡρακλῆς
583 288 639 354 καλ
671 285 844 367 Διόνυσος
881 287 1065 374 ἐγενέσθην

57 396 325 479 φιλοσοφοῦντες
366 388 451 481 ὁμοῦ
492 393 548 461 καλ
589 392 822 479 βασιλεύοντες
862 392 918 460 καλ
959 395 1069 486 πάσαν

57 496 180 585 σχεδὸν
214 501 272 586 τῆς
309 497 565 586 ἐπιπολαζούσης
606 505 722 580 κακίας
758 495 1123 587 άνακαθαιρόμενοικῠλ

57 609 122 692 γῆν
150 632 184 673 τε
212 607 267 673 καλ
294 606 473 674 θάλατταν.
519 605 662 686 κελεύεις
689 595 727 673 δὲ
754 607 866 672 πᾶσαν
893 601 1071 673 ἀποσεισά-

30 739 163 800 ιμενον
195 714 315 799 σχολῆς
346 717 481 780 ε”ννοιαν
513 713 568 779 καὶ
596 710 769 801 ῥᾳστώνης
796 725 948 797 σκοπεῖν,
982 707 1076 796 ὅπως

56 821 115 904 τῆς
143 813 336 898 ὑποθέσεως
363 815 462 898 ἀξίως
490 815 740 904 ἀγωνιούμεθα·
776 813 846 886 εἶτα
875 813 926 884 ἐπ’
958 813 1071 898 αὐτοῖς
1134 908 1136 913 ,

57 928 126 991 τῶν
145 926 341 1011 νομοθετῶν
360 919 548 1011 [ἁπάντων]
569 924 742 1011 μέμνησαι,
763 922 931 1009 Σόλωνος,
950 932 1071 990 Πιττα-
1090 964 1093 966 -

57 1033 132 1114 κού,
150 1029 364 1118 Λυκούργου,
391 1029 594 1098 καὶτούτων
617 1025 775 1098 ἀπάντων
797 1035 932 1117 μείζονα
951 1032 1071 1118 χρῆναι

57 1133 136 1225 παρ’
167 1132 262 1225 ῆμῶν
290 1135 491 1221 λέγειςτοὺς
519 1133 722 1225 ἀνθρώπους
741 1138 778 1204 ἐν
801 1140 878 1224 δίκη
897 1138 963 1204 νῶν
981 1162 1071 1224 περι-

17 1276 43 1314 10
58 1247 181 1331 με’ύειν.
226 1242 355 1323 τούτοις
383 1241 447 1328 ἐγῶ
474 1257 544 1322 τοῖς
571 1242 682 1328 λόγοις
714 1240 862 1330 ἐντυηῶν
890 1240 1072 1328 ἐξεπλάγην
1154 1231 1156 1235 ’

58 1352 193 1439 μικροῦ·
222 1351 274 1417 σοὶ
302 1348 362 1436 μὲν
391 1345 454 1436 γάρ
481 1343 719 1435 ὑπελάμβανον
747 1345 903 1435 οὐθαμῶς
929 1345 1109 1434 θεμιτὸνΒ
1145 1370 1149 1377 ·

58 1455 253 1524 κολακεύειν
272 1450 292 1541 ῆ
310 1454 508 1539 ψεύδεσθαι,
536 1456 667 1545 ἐμαυτῷ
692 1454 729 1523 δὲ
747 1451 910 1534 συνειδώς
938 1452 1074 1539 φύσεως

58 1563 121 1650 μὲν
148 1564 244 1630 ἕνεκα
273 1564 436 1649 διαφέρον
468 1557 570 1629 ούιλέν
603 1558 680 1629 οὔτε
707 1563 740 1642 ἐξ
769 1558 871 1648 ἀρχῆς
903 1556 980 1627 ούτε
1007 1548 1073 1626 νῦν

58 1664 226 1757 ὑπάρξαν,
259 1673 462 1753 φιλοσοφίας
494 1666 531 1734 δὲ
564 1669 741 1756 ἐρασθέντι
768 1666 888 1754 μόνον·
920 1663 978 1745 τὰς
1010 1661 1074 1750 γάρ

15 1803 43 1844 ιι
59 1776 97 1842 ἐν
126 1775 215 1864 μέσῳ
244 1775 326 1858 σιγῶ
345 1773 456 1859 τύχας,
485 1777 523 1840 αλ
547 1800 603 1859 μοι
621 1770 681 1840 τὸν
709 1777 815 1859 ἔρωτα
833 1773 955 1839 τοῦτον
974 1766 1072 1855 ἀτελῆ

57 1883 140 1960 τέως
172 1877 353 1965 ἐφύλαξαν·
387 1875 450 1946 οὐκ
482 1874 572 1964 εἶχον
605 1868 668 1945 οὖν
700 1874 766 1962 ὅ,τι
799 1874 861 1963 χρῆ
894 1877 968 1964 περλ
1005 1877 1075 1943 τῶν

57 1985 223 2054 τοιούτων
250 1983 361 2069 λόγων
389 1990 586 2071 συμβαλεῖν,
620 1985 681 2062 ἕως
707 1983 761 2050 ἐπὶ
789 1983 875 2049 νοῶν
902 1978 1027 2067 ῆγαγεν
1055 1976 1073 2049 ὁ

56 2092 151 2177 θεός,
179 2090 223 2178 μῆ
250 2117 329 2158 ποτε
348 2087 412 2179 άρα
440 2090 636 2179 προτρέπειν
660 2089 784 2168 ἐθέλεις
812 2085 869 2155 ιλιά
887 2090 955 2155 τῶν
982 2089 1114 2156 έπαί-Ο

58 2225 132 2266 νων
160 2198 215 2265 καλ
242 2199 311 2265 τῶν
338 2193 480 2283 ἀγώνων
499 2197 603 2276 δεῖξαι
630 2192 667 2263 τὸ
687 2195 840 2295 μέγεθος,
869 2187 919 2273 οἷς
946 2189 1074 2281 ἀνάγκη
1155 2209 1158 2213 ’

12 2336 41 2376 εο
57 2307 153 2373 πάσα
189 2301 249 2371 τὸν
286 2306 322 2371 ἐν
362 2308 510 2392 πολιτεία
552 2303 657 2383 ζῶντα
698 2302 975 2390 παραβεβλῆσθαι
1014 2297 1075 2367 τὸν

58 2408 193 2478 ἅπαντα
225 2410 358 2499 χρόνον.
403 2413 502 2477 τοῦτο
531 2407 567 2476 ιλλ
600 2404 845 2497 ἀποτρέποντός
879 2408 946 2475 ἐστι
974 2406 1076 2475 πλέον
1128 2398 1137 2423 ⁸

57 2513 81 2604 ῆ
114 2515 198 2606 πρὸς
229 2516 289 2584 τὸν
321 2522 398 2601 βίον
430 2518 676 2604 παρορμῶντος.
728 2510 837 2601 ῶσπερ
870 2510 934 2600 γάρ
967 2521 1006 2580 ελ
1026 2538 1076 2592 τις
1128 2589 1131 2595 ¹
1159 2564 1163 2571 .

57 2621 122 2691 τὸν
150 2620 307 2711 πορθμὸν
334 2619 395 2689 τὸν
421 2617 500 2709 παρ’
531 2616 613 2707 ὑμῖν
630 2620 741 2688 πλέων
768 2619 824 2688 καλ
849 2615 928 2688 ούιλλ
956 2621 1077 2686 τοῦτον

59 2733 188 2818 ῥαδίως
217 2723 296 2796 οὐδὲ
324 2722 469 2806 εὐκόλως
496 2720 721 2814 ὑφιστάμενος
753 2723 872 2794 ἀκούοι
900 2724 989 2813 παρά
1016 2750 1077 2792 του

10 2865 40 2907 2⁵
58 2833 226 2924 μαντικὴν
258 2834 544 2920 ἐπαγγελλομένου
580 2833 716 2920 τέχνην,
753 2829 798 2913 ῶς
831 2828 937 2920 χρεῶν
970 2827 1117 2898 αύτὸνλ)

57 2940 121 3010 τὸν
154 2945 300 3026 Αἰγαῖον
332 2937 557 3027 ἀναμετρῆσαι
588 2940 645 3007 καὶ
681 2937 741 3006 τὸν
771 2935 891 3006 Ἰόνιον
929 2938 984 3005 καλ
1020 2938 1078 3022 τῆς

147 3195 164 3242 4
186 3186 340 3243 θάλατταν
343 3188 396 3269 νῆ
419 3183 574 3242 θάλασσαν
660 3193 676 3240 5
699 3183 845 3255 ύᾳστώνης
868 3188 934 3237 Rsk
951 3192 979 3236 et
997 3181 1076 3264 Cob.]

60 3251 213 3342 ὖαστώνην
300 3261 315 3310 7
334 3250 472 3312 άπανιων
491 3258 596 3337 (λολρνίλ
615 3257 679 3307 Oob.
767 3259 799 3306 14
813 3261 841 3306 et
854 3258 885 3305 15
904 3248 954 3312 τάς
972 3250 1076 3319 γάρ-

58 3324 164 3394 τύγας]
185 3329 249 3378 Eur
263 3326 352 3376 Orest.
366 3328 398 3377 16
469 3327 500 3375 16
519 3312 571 3376 οὖν
590 3327 707 3376 fortasse
727 3321 882 3378 delendum
906 3322 966 3375 Vid
986 3327 1078 3370 tamen

60 3397 247 3544 λζθὼῶῆλῆλλῆ
250 3394 306 3525 άῆῆι
325 3393 413 3542 Tura}
415 3394 560 3526 ῶτιῆέἀλιῶ]
577 3374 1079 3522 12yffimmlssssswrfffluw

59 3519 173 3597 Ρολ]’
155 3544 257 3581 &novet
290 3533 295 3592 λ
327 3547 406 3595 παρα
425 3544 476 3580 του
495 3525 573 3593 Rsk]
592 3523 672 3591 παρὰ
689 3543 741 3578 τον
