2392 3960
102 144 166 209 284
402 142 545 194 ιοιιιαι
566 137 815 192 ιαεοεευοιιιε

104 273 259 361 φανερός
300 270 540 356 αἰνιττομένου.
590 269 658 336 ποῦ
695 265 759 355 γὰρ
795 262 816 354 3
859 268 987 354 γένεσίς
1028 272 1121 339 ἐστιν

105 377 214 465 ὥσπερ
244 373 460 465 Ἡρακλέους,
494 371 581 444 οὑτω
615 373 652 442 δὲ
683 377 740 442 καὶ
772 375 962 462 Διονύσου,
995 381 1124 464 έχουσα

104 486 165 573 μὲν
197 481 235 550 τὸ
268 496 418 570 κρεῖττον
449 482 506 551 καί
542 476 705 570 ὑπερέχον
741 481 797 549 καὶ
830 482 1050 571 ἐξῃρημένον,
1083 486 1121 552 ἐν

93 594 149 682 τῷ
188 594 308 680 μετρίῳ
346 588 383 657 δὲ
420 584 509 679 ὅμως
545 591 593 656 ἔτι
630 588 689 673 τῆς
729 583 948 676 ἀνθρωπίνης
985 590 1122 675 φάσεως

65 709 85 763 C
105 699 254 784 μένουσα
277 700 336 763 καί
359 720 429 775 πως
449 691 702 780 άφομοιουμένη
721 691 804 781 πρὸς
831 689 931 782 ήμάς;
957 690 1148 785 Ἡρακλήςε

105 803 143 871 δὲ
170 803 299 888 λέγεται
326 806 463 870 παιδίον
496 797 656 887 γενέσθαι
688 801 742 867 καλ
771 797 853 867 κατὰ
881 798 1001 890 μικρὸν
1029 798 1123 894 αὐτῷ

105 906 142 977 τδ
172 911 266 996 σῶμα
293 904 330 975 τὸ
358 918 457 976 θείου
481 908 668 992 ἐπιδοῦναι,
695 907 761 975 καλ
776 909 933 993 φοιτήσαι
962 909 1123 977 διδασκά-

106 1024 176 1096 λοις
205 1013 390 1101 ίστόρηται,
423 1015 480 1081 καὶ
508 1011 775 1100 στρατεύσασθαι
803 1013 931 1098 λέγεται
958 1015 1015 1082 καὶ
1042 1041 1122 1104 κρα

84 1124 204 1207 τήσαι
231 1120 377 1206 πάντων,
404 1133 524 1214 καμεῖν
552 1115 626 1187 δέ”
607 1144 696 1204 ομως
724 1120 778 1186 καὶ
807 1115 845 1186 τδ
874 1140 977 1207 σωμα.
1013 1127 1124 1189 καίτοι

107 1224 199 1318 αὐτῷ
231 1227 334 1293 ταντα
367 1253 427 1314 μεν
464 1220 605 1315 ὑπῆρξε,
641 1224 798 1312 μειζόνως
830 1222 919 1292 δέ’“
898 1253 919 1312 η
953 1223 1025 1294 κατ’
1062 1224 1122 1296 άυ-
1137 1252 1163 1292 ιο

32 1394 35 1401 ,
105 1342 256 1460 θρωπον.
288 1328 372 1399 ὅτε
376 1330 464 1444 γάρ
502 1334 540 1399 ἐν
575 1343 645 1410 τοῖς
683 1330 888 1420 σπαργάνοις
924 1328 1125 1420 άποπυίγωυ

106 1437 186 1518 τοὺς
219 1417 404 1525 δράκοντάς
436 1439 492 1507 καὶ
523 1434 607 1527 πρὸς
640 1433 725 1505 αὐτὰ
762 1438 1052 1527 παραταττόμενος
1082 1438 1125 1508 τὰ

64 1547 166 1631 Βτής
194 1544 328 1631 φύσεως
356 1559 550 1631 στοιχεῖα,
538 1544 651 1632 θάλπη
680 1544 736 1613 καὶ
763 1545 926 1633 κρυμοός,
955 1543 1025 1614 εἶτα
1053 1561 1124 1628 τοῖς

67 1701 69 1704 -
107 1647 334 1739 ἀπορωτάτοις
366 1653 422 1718 καὶ
455 1647 695 1738 άμαχωτάτοις,
728 1651 840 1740 ἐνδείᾳ
872 1653 957 1737 λέγω
991 1655 1127 1742 τροφής

107 1757 163 1824 καὶ
195 1760 329 1847 ἐρημίᾳ,
361 1757 418 1825 καλ
449 1755 511 1844 τήν
544 1754 589 1825 δι’
625 1753 731 1825 αὐτοῦ
761 1763 901 1844 πορείαν
934 1755 1027 1846 οἶμαι
1058 1764 1162 1828 τοῦεε

106 1863 272 1948 πελάγους
304 1864 357 1932 ἐπὶ
388 1866 447 1950 τής
483 1867 609 1953 χρυσής
640 1863 789 1950 κύλικος,
821 1860 864 1951 ήυ
901 1861 966 1950 ἐγὼ
999 1872 1125 1953 νομίζω

106 1967 151 2057 μδι
178 1968 258 2050 τοὺς
288 1968 393 2050 θεοὺς
425 1967 467 2039 οὐ
494 1969 614 2040 κύλικα
646 1968 748 2056 εἶναι,
780 1975 918 2056 βαδίσαι
952 1969 989 2039 δὲ
1017 1968 1126 2041 αὑτὸν

108 2072 152 2156 ως
180 2077 234 2143 ἐπὶ
262 2077 361 2165 ξηρᾶς
379 2079 437 2164 τῆς
464 2077 632 2164 θαλάττης
654 2074 823 2163 νενόμικα.
859 2077 892 2144 τί
910 2075 973 2165 γάρ
993 2074 1126 2167 άπορου

106 2172 150 2269 ἦν
173 2178 340 2271 Ἡρακλεῖς
373 2188 409 2249 τί
434 2179 466 2252 δ’
498 2180 561 2270 οὐχ
593 2177 788 2270 ὑπήκουσεν
818 2179 926 2251 αὑτοῦ
957 2181 1004 2276 τῷ
1036 2190 1124 2279 θείῳ

106 2290 162 2355 καὶ
199 2287 428 2381 καθαρωτάτω
470 2288 612 2376 σάματι,
653 2291 722 2356 τόν
761 2291 951 2376 λεγομένων
991 2289 1124 2360 τούτων
1138 2315 1165 2355 ιο

107 2402 279 2480 στοιχείων
316 2395 550 2464 δουλευόντων
586 2391 693 2464 αὑτοῦ
728 2398 769 2484 33
807 2399 1028 2485 δημιουργική
1066 2400 1125 2467 καὶ

54 2503 332 2592 νεοτελεσιουργω
360 2504 422 2569 τοῦ
445 2498 613 2591 άχράυτου
632 2503 688 2571 καὶ
706 2504 863 2591 καθαροῦ
881 2528 944 2570 νου
930 2503 1124 2591 δυνάμεις

108 2602 148 2674 δν
181 2601 198 2693 δ
232 2607 334 2694 μέγας
365 2605 450 2688 Ζεὺς
481 2606 538 2676 διὰ
570 2611 628 2695 τής
659 2613 831 2736 Προνοίας
861 2604 1020 2696 Ἀθηνᾶς,
1053 2612 1125 2679 ἐπι-

108 2711 230 2799 στήσας
258 2708 347 2802 αότῶ
367 2713 501 2800 φύλακα
520 2713 582 2841 τήγ
599 2711 684 2782 θεὸν
711 2713 848 2802 ταύτην,
876 2710 958 2802 ὅλην
986 2715 1019 2796 ἐξ
1039 2713 1125 2786 ὅλου

106 2820 289 2906 προέμενος
315 2814 434 2906 αὑτοῦ,
460 2847 506 2887 τω
533 2819 647 2911 κόσμῳ
677 2821 808 2909 σωτήρα
836 2820 1029 2909 ἐφύτευσεν,
1058 2820 1120 2892 εἶτ’
1136 2845 1165 2887 ω

107 2924 296 3011 ἐπανήγαγε
329 2923 385 2994 διὰ
417 2928 479 2994 τοῦ
510 2931 692 3017 κεραυνίου
724 2925 832 3014 πυρός
867 2924 950 3017 πρὸς
988 2926 1124 3017 εαυτόυ,

108 3026 172 3098 ὑπὸ
205 3034 252 3122 τῷ
284 3037 367 3125 θείω
401 3031 591 3120 συνθήματι
623 3035 681 3120 τῆς
708 3037 862 3123 αἰθερίας
890 3030 995 3121 αὑγής
1026 3030 1125 3122 ήκειν

194 3240 207 3284 1
236 3234 293 3286 που
315 3238 381 3288 Rsk
401 3245 429 3288 et
450 3227 528 3304 H]
511 3254 585 3289 οπου
670 3242 686 3289 λ
710 3230 884 3304 Ηρακλέονς
908 3237 946 3303 H]
967 3236 1125 3303 Ηρακλέος

109 3307 124 3354 5
143 3295 297 3384 Ηρακλής]
320 3305 392 3356 Ante
415 3306 467 3356 hoe
489 3322 589 3384 nqmen
607 3307 725 3357 lacunae
744 3307 855 3371 signum
871 3313 914 3358 est
932 3309 961 3356 in
979 3313 1035 3373 pet.
1107 3312 1125 3360 9

108 3369 169 3436 καί]
190 3365 264 3422 κατά
284 3371 310 3420 Η
397 3376 428 3424 10
451 3390 526 3424 κατα
544 3375 568 3425 V
655 3376 684 3424 11
705 3362 754 3426 ὑτε
771 3371 837 3439 γαρ]
855 3375 887 3425 In
904 3375 956 3424 hoc
975 3374 1037 3425 loco
1056 3391 1126 3427 non·

106 3440 184 3488 nulla
204 3445 252 3488 aut
271 3446 400 3505 corrupta
417 3448 465 3493 aut
482 3442 579 3491 mutila
590 3456 656 3519 *esse
674 3441 743 3493 Rsk.
762 3443 905 3495 annotavit
975 3444 1007 3493 17
1025 3435 1068 3509 μά
1085 3441 1126 3509 Η]

107 3502 153 3571 νὴ
177 3508 231 3557 vid.
253 3507 288 3557 ad
306 3507 390 3558 212ss
460 3509 492 3559 λδ
511 3501 601 3560 αὑτοῦ
620 3507 658 3573 Η]
676 3525 768 3561 αυτου
787 3507 792 3572 Ι
813 3502 918 3560 ελταν
