2370 3908
109 128 172 194 152
410 129 554 181 ιῑτιιεαι
575 128 825 180 ιαεεεετοιαε

110 261 226 350 ἐκείνῳ
259 259 315 326 καὶ
347 255 467 326 πιστὸν
498 258 653 347 παρέχων
686 253 748 324 οῦκ
781 253 859 324 οἰδα
892 257 928 324 ἐκ
954 261 1048 338 τίνος
1074 262 1125 325 αἰ-

67 371 182 445 Βτίας
219 367 427 453 τραχυτέρως
463 369 597 451 ἐχουτος
637 359 795 452 ᾐσθόμην
832 367 980 450 ἔναγχος.
1022 359 1050 452 ἡ
1088 363 1126 432 δέ

108 469 223 558 ἐπειδὴ
252 469 289 538 τὸ
323 472 458 559 πρῶτον
490 468 636 557 ἤκουσεν
664 465 866 557 ἀδικήματος
894 468 956 557 μὲν
984 465 1126 552 οὐδενός

108 574 232 665 όνομα,
260 582 401 664 ματαίας
429 575 466 644 δέ
494 574 601 656 ἀλλως
627 571 790 661 ὑποψίας,
817 572 916 663 ἠξίου
944 577 1125 664 διελέγχειν

106 685 163 751 καὶ
191 683 235 771 μη
264 683 428 772 πρότερον
456 685 644 771 προσέσθαι
676 681 760 769 μηδὲ
789 683 989 763 ἐνδέξασθαι
1016 686 1124 771 ψευδῆ
1136 706 1150 748 ε

105 792 162 858 καὶ
191 788 311 859 ἀδικον
339 789 512 878 διαβολήν,
540 791 596 858 καὶ
624 785 687 857 οόκ
720 784 823 875 ἀνῆκε
849 790 954 857 ταῦτα
981 791 1123 877 δεομένη

105 898 187 986 πρὶν
215 897 271 986 ἐμὲ
302 893 427 984 ἤγαγεν
460 899 493 977 ἐς
525 894 605 976 όψιν
637 893 699 984 τὴν
731 897 894 981 βασιλέως
924 896 980 963 καί
1010 911 1126 983 τυχεῖν

107 1005 243 1090 ἐποίησε
270 1003 387 1088 λόγου·
415 1004 471 1071 καὶ
491 999 709 1093 ἀπολυομένη)
728 1004 841 1070 πᾶσαν
865 1005 977 1069 αἰτίαν
1004 999 1124 1071 ἀδικον

107 1110 276 1197 συνήσθη,
304 1109 360 1176 καὶ
380 1113 493 1176 οἰκαδε
513 1111 737 1195 ἐπιθυμοῦντι
763 1108 864 1176 πόλιν
883 1104 1016 1176 ἀπιέναι
1040 1134 1123 1196 πομ-

67 1213 177 1302 Οπίχν
205 1212 339 1302 ἀσφαλῆ
358 1216 531 1303 παρέσχεν,
560 1216 731 1303 ἐπιτρέψαι
749 1216 883 1304 πρῶτον
906 1207 967 1282 τόν
985 1217 1124 1301 βασιλέα
1136 1240 1160 1279 ιο

108 1323 324 1409 ξυμπείσασα.
371 1326 532 1408 δαίμονος
565 1323 617 1407 δέ,
651 1318 754 1409 ὅσπερ
782 1311 846 1389 οῦν
879 1319 973 1413 ἐῴκει
1000 1348 1058 1408 μοι
1085 1319 1125 1389 τά

106 1428 259 1516 πρόσθεν
286 1428 556 1514 μηχανήσασθαι,
584 1425 715 1515 ἥτινος
735 1431 913 1514 ξυντυχίας
940 1423 1124 1497 ἀλλοκότου

105 1532 167 1620 τὴν
196 1529 279 1602 ὁδὸν
310 1533 437 1621 ταύτην
469 1529 733 1622 ῦποτεμομένης,
767 1533 977 1622 ἐποψόμενον
1005 1535 1125 1621 πέμπει

105 1637 168 1727 τὴν
192 1636 347 1725 Ἑλλάδα,
379 1640 505 1727 ταύτην
537 1639 701 1728 αἰτήσασα
732 1639 823 1729 παρὰ
849 1641 1013 1728 βασιλέως
1039 1636 1123 1729 ὑπὲρ

105 1748 189 1834 ἐμοῦ
220 1747 276 1814 καὶ
308 1742 565 1834 ἀποδημοῦντος
596 1744 660 1834 ἤδη
692 1744 755 1834 τὴν
786 1746 900 1835 χάριν,
937 1746 1051 1835 ἐπειδη
1084 1771 1162 1835 μειε

104 1853 217 1938 λόγοις
245 1854 407 1920 ἐπέπυστο
435 1859 562 1941 χαίρειν
590 1854 646 1922 καί
673 1859 808 1943 παιδείᾳ
834 1851 872 1921 τὸ
900 1859 1025 1942 χοιρίον
1053 1856 1123 1922 ἐπι-

105 1958 241 2046 τήδειον
269 1957 357 2027 εἰναι
386 1960 585 2040 ξυννοοῦσα.
632 1958 696 2045 ἐγὼ
726 1958 762 2028 δέ
780 1959 855 2029 τότε
873 1958 934 2048 μέν
962 1956 1047 2048 αὐτῇ
1066 1961 1124 2029 καί

59 2078 86 2131 D
105 2065 225 2157 πρώτῳ
253 2093 305 2151 γε,
339 2061 383 2146 ὡς
410 2065 513 2152 εἰκός,
546 2074 679 2154 βασιλεῖ
703 2064 809 2134 πολλά
840 2068 896 2134 καί
928 2062 1044 2153 ἀγαθδι
1074 2073 1123 2135 δι-

104 2172 204 2240 δόναι
240 2168 300 2240 τόν
340 2171 425 2241 θεὸν
466 2170 633 2260 ηὐχόμην,
676 2169 726 2240 ότι
762 2200 818 2259 μοι
854 2171 917 2260 τὴν
953 2169 1124 2260 ἀληθινὴν

103 2281 271 2347 ποθοῦντι
311 2280 367 2346 καὶ
408 2275 580 2365 ἀγαπῶντι
621 2284 765 2367 πατρίδα
805 2281 975 2368 παρέσχον
1016 2285 1123 2348 ἰδεῖν·
1138 2306 1167 2347 ευ

104 2384 203 2473 ἐσμὲν
231 2383 295 2473 γάρ
314 2389 372 2472 της
397 2381 554 2465 Ἐλλάδος
573 2389 608 2453 οί
633 2387 707 2474 περὶ
730 2383 792 2473 τὴν
812 2385 947 2476 Θρᾴκην
975 2387 1031 2454 καὶ
1059 2385 1124 2473 την

100 2487 232 2558 Ἰωνίαν
261 2494 432 2571 οἰκοῦντες
461 2497 610 2577 ἔγγονοι,
643 2492 699 2560 καὶ
728 2488 819 2572 ὅστις
846 2487 942 2580 ἡμῶν
969 2489 1014 2579 μὴ
1043 2499 1123 2560 λίαν

104 2593 286 2683 ἀγνώμων,
318 2608 423 2666 ποθεῖ
451 2613 643 2686 προσειπειν
679 2596 759 2678 τοὺς
790 2600 934 2686 πατέρας
970 2599 1026 2667 καί
1058 2626 1123 2687 την

103 2702 217 2829 χώραν
245 2700 353 2790 αότην
380 2700 605 2772 ἀσπάσασθαι.
653 2700 671 2771 δ
701 2702 742 2790 δη
761 2705 816 2772 καί
837 2705 909 2792 ἐμοὶ
937 2703 1039 2773 πάλαι
1058 2705 1123 2793 μὲν

103 2811 156 2895 ἠν,
186 2805 230 2889 ὡς
258 2810 357 2895 εἰκός,
385 2810 560 2938 πρθεινόν,
588 2811 644 2878 καί
661 2805 805 2899 ῦπάρξαι
824 2837 880 2938 μρι
902 2813 1002 2879 τοῦτο
1022 2813 1120 2898 ἐβου-
1137 2838 1167 2880 ετ

48 2915 216 3002 119λόμην
243 2913 414 3003 μᾶλλον
401 2945 421 3004 η
453 2914 540 2986 πολὺ
577 2921 719 3004 χρυσίον
755 2912 861 2985 καί’
843 2916 1015 3005 αργόριον.
1061 2915 1122 2986 ἀν·

103 3024 196 3110 δρῦν
233 3025 296 3111 γὰρ
334 3020 476 3109 ἀγαθῶν
513 3050 600 3109 φημι
636 3024 817 3110 ξυντυχίαν
853 3021 937 3111 πρὸς
976 3030 1123 3112 χρυσίου

103 3130 234 3214 πλῆθος
263 3125 455 3216 ὅσονδηοῦν
483 3130 716 3216 ἐξεταζομένην
734 3130 911 3197 καθέλκειν
929 3127 989 3197 τὸν
1018 3128 1122 3216 ζυγὸν

173 3301 186 3347 1
213 3292 244 3348 ἐκ
263 3299 419 3373 τινοςῑῑ
452 3293 697 3380 ὅπρόοεσθαιν
729 3297 733 3363 1
766 3289 1121 3381 ἐνδείξασθαινερερὶι.

103 3359 166 3424 ἐς
184 3363 219 3430 V]
241 3363 282 3426 εἰς
353 3369 383 3416 11
402 3356 496 3450 ρόπερ
515 3368 540 3418 V
592 3369 623 3417 16
642 3359 840 3418 ἐπέπειστοΜ
858 3371 915 3450 ρει.
968 3370 1000 3418 18
1018 3384 1123 3445 πρωτω

101 3431 142 3551 X]
158 3433 257 3514 πρῶτα
343 3437 375 3484 22
403 3430 516 3501 ἐγγονοι
535 3432 569 3500 V]
593 3430 707 3500 έκγονοι
794 3435 826 3484 28
852 3423 1067 3502 οσονδηοῦν]
1050 3451 1123 3490 οσον

123 3517 140 3566 η
166 3489 219 3554 οῦν
