2392 3960
471 107 608 160 οεοόιο
627 109 675 160 1v.
1015 105 1076 170 201

60 237 218 308 λα’ττουσι
246 236 356 325 φλόγα
383 238 549 325 παρθένοι
580 232 659 324 παρ’
689 231 769 322 ἡμίν
798 235 883 320 ίεραὶ
910 233 993 304 κατὰ
1019 234 1080 320 τόις

61 344 249 433 διαφόρους
282 340 384 431 ῶρας,
413 349 451 411 αἳ
480 339 521 429 δὴ
555 338 593 410 τὸ
622 341 805 430 γενόμενον
834 337 914 429 [ὑπὸ
938 345 996 431 τής
1024 365 1077 414 σε-

60 450 178 543 λήνης]
208 450 282 538 περὶ
308 447 371 538 τήν
402 451 467 537 γήν
495 443 559 517 ῦπὸ
587 450 649 517 τοῦ
681 451 767 517 θεοῦ
794 452 861 538 πῦρ
889 448 1076 537 φυλάττου-

59 579 125 627 σιν.
172 562 219 625 ἐτι
250 559 380 624 τοῦτων
412 563 524 644 μεῖζον
556 560 619 642 έχω
652 575 706 624 σοι
739 555 866 645 φράσαι
898 557 960 625 τοῦ
991 560 1077 628 θεοῦ

32 667 162 734 ετοῦδε
180 662 367 753 τεκμήριον,
387 659 492 731 αὐτοῦ
510 665 573 730 τοῦ
590 661 769 730 θειοτάτου
787 664 949 749 βασιλέως
967 669 1077 752 ἔργον.

61 775 97 839 οί
121 773 223 860 μήνες
250 766 354 837 ἅπασι
380 768 442 857 μὲν
465 784 534 849 τοῖς
562 764 674 848 ἄλλοις
702 763 747 849 ῶς
774 774 852 849 ἔπος
878 774 985 837 είπείν
1011 768 1077 840 ἀπὸ

59 878 119 965 τῆς
147 876 288 964 σελήνης
315 872 548 964 ἀριθμοῦνται,
572 874 670 962 μόνοι
699 873 737 942 δὲ
764 870 858 962 ἡμείς
884 877 939 943 καλ
967 877 1118 963 Αίγῦ-Β

59 1009 150 1053 πτιοι
177 981 260 1073 πρὸς
282 979 341 1062 τὰς
358 977 458 1070 ἡλίου
476 981 624 1070 κινήσεις
643 982 783 1050 ἑκάστου
811 985 995 1070 μετροῦμεν
1010 985 1076 1052 ε’νι-

60 1092 168 1158 αυτοῦ
195 1087 254 1169 τόις
281 1083 411 1178 ἡμέρας.
453 1096 486 1156 εί
510 1108 564 1157 σοι
591 1085 671 1175 μετὰ
689 1090 788 1157 τοῦτο
817 1094 934 1176 φαίην,
958 1084 1002 1170 ῶς
1021 1092 1075 1159 καὶ

18 1227 45 1267 ιο
59 1195 121 1265 τὸν
149 1203 293 1285 Μίθραν
319 1197 465 1282 τιμῶμεν
497 1196 552 1263 καὶ
585 1191 711 1281 όίγομεν
739 1190 840 1286 Ἡλίω
872 1221 1076 1286 τετραετηρι-
1119 1243 1127 1255 -

58 1299 142 1383 κοῦς
170 1299 316 1388 όιγῶνας,
349 1303 414 1391 ε’ρῶ
442 1300 599 1390 νεῶτερα·
632 1302 763 1388 βέλτιον
800 1301 838 1369 δέ
870 1311 949 1383 ίσως
981 1305 1018 1371 ἕν
1045 1332 1077 1372 τι

58 1411 129 1477 τῶν
165 1409 394 1496 παλαιοτέρων
430 1418 617 1497 προθεῖναι.
667 1411 729 1476 τοῦ
766 1403 829 1496 γὰρ
867 1411 1077 1479 ἐνιαυσιαίου

59 1515 187 1583 κύκλου
214 1512 276 1603 τήν
304 1511 410 1603 ιἰρχὴν
438 1511 537 1594 όίλλος
564 1512 710 1582 όιλλοθεν
728 1512 939 1602 ποιούμενος,
964 1516 1077 1604 οἱμὲν

59 1619 123 1709 τὴν
151 1618 289 1710 ἐαρινὴν
309 1626 493 1709 ἰσημερίαν,
522 1624 558 1688 οί
583 1620 619 1688 δέ
646 1618 708 1708 τήν
727 1617 836 1709 ἄκμὴν
863 1624 925 1689 τοῦ
942 1623 1077 1711 θέρους,

20 1757 47 1798 ιε
62 1732 98 1796 οί
121 1728 239 1797 πολλοὶ
268 1727 304 1795 δέ
323 1733 521 1813 φθίνουσαν
539 1724 603 1814 ήδη
632 1725 693 1815 τὴν
713 1724 860 1816 όπῶραν,
885 1723 1000 1796 Ἡλίου
1018 1727 1077 1810 τὰς
1123 1728 1126 1733 ’

60 1833 310 1922 έμφανεστότας
347 1829 493 1921 ὑμνοῦσι
525 1833 666 1923 δωρεάς,
700 1828 717 1900 ὁ
751 1835 812 1922 μέν
844 1860 894 1914 τις
925 1832 988 1924 τὴν
1018 1838 1117 1923 τήςο

61 1944 218 2030 ἐργασίας
245 1940 465 2027 ἐνδιδομένην
482 1936 665 2029 εὐκαιρίαν,
694 1935 749 2007 ὅτε
775 1935 797 2027 ἡ
824 1943 866 2027 γή
885 1941 1003 2009 θάλλει
1021 1943 1078 2010 καί

61 2050 196 2137 γαυριᾷ,
225 2049 406 2134 φυομένων
435 2043 509 2135 όίρτι
536 2049 604 2114 τῶν
627 2047 765 2134 καρπῶν
792 2039 959 2134 ἁπάντων,
987 2053 1076 2133 γίνε-

60 2180 115 2221 ται
153 2152 190 2221 δὲ
222 2152 390 2240 ἐπιτήδεια
426 2160 582 2221 πλεῖσθαι
619 2149 659 2220 τόι
695 2152 821 2240 πελάγη
858 2153 914 2220 καὶ
945 2151 983 2222 τό
1016 2156 1078 2222 τοῦ

19 2291 46 2330 εο
60 2261 223 2349 χειμῶνος
250 2256 350 2346 ιἰηδδς
382 2260 437 2327 καὶ
470 2257 674 2348 σκυθρωπὸν
707 2260 760 2327 ἐπὶ
787 2256 824 2327 τὸ
854 2259 1077 2349 φαιδρότερον

59 2371 268 2455 μεθίσταται,
296 2369 332 2434 οί
357 2364 394 2433 δὲ
420 2362 482 2452 τήν
508 2368 570 2433 τοῦ
596 2367 722 2455 θέρους
752 2368 912 2453 ἐτίμησαν
939 2362 1076 2455 ἡμέραν,

61 2469 107 2555 ῶς
145 2469 305 2559 ιἰσφαλῶς
341 2471 414 2540 τότε
452 2466 535 2559 ὑπὲρ
571 2475 629 2559 τῆς
669 2474 737 2540 τῶν
773 2474 911 2561 καρπῶν
947 2477 1078 2560 ἔχοντες

58 2580 231 2670 θαρρήσαι
265 2579 438 2665 γενέσεως,
471 2581 540 2645 τῶν
572 2577 633 2666 μὲν
665 2578 862 2669 σπερμάτων
893 2577 958 2666 ήδη
997 2600 1076 2648 συν-

60 2686 270 2774 ειλεγμένων,
298 2682 439 2772 ἀκμαίας
467 2683 504 2751 δέ
532 2680 635 2772 οῦσης
667 2688 724 2772 τὴς
757 2681 889 2774 ὀπῶρας
920 2683 985 2776 ήδη
1022 2686 1077 2754 καὶ

19 2821 46 2863 τε
59 2792 316 2879 πεπαινομένων
343 2794 411 2860 τῶν
431 2792 645 2879 ἐπικειμένων
673 2793 810 2880 καρπῶν
827 2806 898 2873 τοίς
916 2793 1077 2882 δένδροις.
1096 2813 1123 2867 D

58 2897 156 2968 ἄλλοι
184 2897 222 2966 δέ
248 2897 378 2966 τούτων
406 2902 453 2965 ἐτι
476 2896 675 2988 κομψότεροι
701 2898 795 2979 τέλος
814 2899 971 2967 ἐνιαυτοῦ
998 2893 1077 2967 ῦπέ-

130 3158 145 3206 2
164 3145 221 3207 ὑπὸ
240 3153 290 3221 τῆς
309 3147 443 3222 σελήνης]
464 3156 544 3206 Haec
562 3156 675 3206 turbant
693 3154 867 3207 sententiam.
899 3153 1077 3206 scribendum

60 3223 163 3275 saltem
184 3215 242 3274 όπό
262 3215 317 3286 τὴν
335 3224 382 3274 σελ
396 3217 458 3289 ’νην
526 3215 765 3300 3φυλιίττουσιν
782 3220 864 3274 MbG
899 3215 1078 3287 φυλάττουσι

59 3289 130 3343 9εί
143 3289 336 3354 oothFG,
357 3241 533 3352 είδοιΕ,εί
551 3289 624 3354 δην
657 3287 661 3356 Ι
695 3287 789 3356 φαίην
805 3289 868 3340 libri
902 3289 977 3356 φαίη
1047 3293 1077 3340 11

59 3352 201 3422 νεώτερον
218 3358 329 3408 MbEF
400 3359 432 3408 12
450 3358 609 3424 προθεῖναι
627 3373 713 3424 marg.
733 3353 806 3438 pet]5
819 3357 993 3423 προσθεῖναι
1047 3360 1079 3408 16

59 3420 115 3494 τήν
133 3425 330 3495 τήςΜοΕΕ,
355 3417 407 3486 τῶς
425 3424 518 3493 τήςθ
549 3425 635 3492 τῆςν
722 3428 753 3476 17
773 3422 925 3490 ευκαιρίαν
943 3440 995 3475 om.
1014 3423 1079 3476 libri

60 3498 95 3548 20
121 3484 239 3561 ῦμειδλς
258 3491 340 3544 MbG
409 3495 441 3544 λλ
469 3462 592 3560 ἡμέραν]
618 3484 718 3559 ῶρανλ
788 3496 820 3543 22
847 3487 961 3557 ἕξοντες
979 3492 1045 3543 libri
