2392 3960
133 155 195 219 358
290 160 292 165 ⁴
434 155 848 208 IULIAN11MPERATORIS

133 284 243 371 τρέπει
270 311 326 370 μοι
353 287 502 369 βαδίζειν
529 289 576 363 είς
602 281 643 351 τά
662 282 868 372 στρατόπεδα
895 281 934 353 τὸ
963 287 1076 373 σχῆμα
1093 286 1144 354 καὶ

132 388 194 476 τὴν
222 389 337 458 εἰκόνα
363 396 567 477 περιοίσοντι
593 387 656 477 τὴν
684 392 819 459 ἑαυτοῦ·
846 391 902 459 καὶ
929 389 995 479 γάρ
1018 417 1073 461 τοι
1094 392 1144 461 καὶ

132 498 232 564 τοῦτο
271 504 381 586 εἴρητο
412 497 468 563 καὶ
501 497 702 586 ἐγέγραπτο,
739 493 791 565 ότι
825 509 896 577 τοῖς
928 495 1073 578 Γάλλοις
1108 493 1146 568 οῦ

133 603 270 688 βασιλέα
299 607 449 688 δίδωσιν,
478 599 560 671 άλλᾶ
578 600 639 671 τὸν
656 600 718 690 την
746 604 868 672 ἑαυτοῦ
886 599 971 692 πρὸς
999 606 1145 686 ἐκείνους

133 707 248 777 εἰκόνα
276 711 466 797 κομιοῦντα.
504 705 574 797 (οὐ)
603 711 712 790 κακῶς
736 711 783 795 δέ,
812 704 857 789 ῦς
883 705 1062 797 ἀκηκόατε,
1088 712 1162 781 τοῦι

132 814 267 904 πρώτου
308 816 596 904 στρατηγηθέυτος
641 817 799 885 ἐνιαυτοῦ
839 816 895 883 καὶ
937 817 1145 906 πραχθέντος

133 926 336 1006 σπουδαίου,
368 920 452 1009 πρὸς
483 918 525 989 τά
552 920 704 1008 χειμάδια
736 920 837 990 πάλιν
869 919 1072 993 ἐπανείιθῦν
1102 927 1145 1003 είς

91 1025 192 1096 Βτόν
220 1032 359 1115 ἔσχατον
386 1029 548 1115 κατέστην
574 1031 756 1096 κίνδυνον·
783 1025 861 1096 οῦτε
883 1025 948 1117 γάρ
976 1024 1144 1119 ἀθροίζειν

133 1135 210 1220 ἐξῆν
250 1161 307 1221 μοι
349 1133 593 1222 στρατόπεδον·
634 1135 745 1222 ἕτερος
785 1131 850 1222 γάρ
886 1124 930 1221 ἦν
967 1129 986 1202 ὁ
1025 1133 1143 1207 τοῦτον

131 1239 260 1328 κύριος·
293 1235 395 1320 αῦτός
420 1266 455 1307 τε
487 1238 549 1320 ξὺν
578 1236 704 1325 ὀλίγοις
735 1236 1047 1329 ἀποκεκλεισμένος,
1080 1238 1169 1311 εἶπεν

131 1343 221 1434 παρά
247 1348 316 1414 τῶν
342 1351 486 1433 πλησίον
513 1345 643 1414 πόλεων
668 1347 821 1434 ἀἰτηθεὶς
852 1348 1068 1435 ἐπικουρίαν,
1099 1337 1143 1417 οἶν

132 1450 224 1538 εἶχον
250 1449 288 1520 τὸ
316 1459 471 1520 πλείστου
498 1454 638 1533 ε’κείνοις
656 1450 747 1539 δοάς,
777 1447 907 1540 [αὐτὸς]
936 1449 1143 1541 ἀπελείφθην

131 1557 243 1645 μόνος.
289 1560 399 1626 ἐκεῖνα
436 1556 498 1646 μὲν
538 1548 602 1627 οὖν
639 1555 747 1639 οὕτως
782 1556 934 1648 ἐπράχθη
973 1558 1060 1629 τότε.
1104 1554 1142 1640 ῦς

132 1663 170 1732 δὲ
197 1665 253 1732 καὶ
281 1659 299 1733 ὁ
328 1666 396 1732 τῶν
425 1666 659 1754 στρατοπέδων
686 1661 799 1754 ἅρχων
827 1666 864 1733 ἐν
891 1659 1024 1756 ὑποψίᾳ
1051 1663 1139 1752 γενό-

131 1797 231 1857 μενος
259 1767 349 1862 αὐτῷ
381 1771 556 1859 παρηρέθη
590 1772 644 1840 καὶ
672 1767 846 1858 ἀπηλλάγη
873 1774 932 1859 τῆς
958 1767 1080 1861 ἀρχῆς,
1105 1766 1166 1843 οόε

98 1876 268 1965 Οσφόδρα
300 1876 482 1963 ἐπιτήδειος
514 1876 633 1961 δόξας,
666 1882 770 1962 έγωγε
807 1879 1002 1965 ἐνομίσθην·
1030 1874 1141 1966 ἥκιστα

133 1987 318 2063 σπουδαῖος
345 1983 401 2051 καὶ
420 1978 531 2062 δεινὸς
559 1982 751 2070 στρατηγός,
779 1979 836 2052 άτε
862 1985 973 2073 πρᾷον
1001 1984 1141 2072 ἐμαυτὸν

131 2085 313 2178 παρασχόν
340 2090 397 2158 καὶ
423 2089 566 2176 μέτριον.
612 2085 655 2157 οὐ
682 2085 745 2178 γάρ
777 2085 874 2181 γ’όμην
904 2094 978 2159 δεῖν
1006 2096 1141 2179 ζυγομρ

132 2209 204 2282 χείν
237 2191 317 2264 οῦδὲ
349 2209 652 2285 παραστρατηγεῖν,
685 2199 716 2262 εί
741 2194 785 2283 μή
817 2194 884 2265 ποῦ
911 2221 943 2263 τι
974 2198 1046 2265 τοῖν
1073 2201 1142 2267 uu

133 2301 358 2371 ἐπικινδύνου
385 2300 500 2391 ἐώρων
528 2296 548 2388 η’
577 2303 656 2370 δέον
674 2303 833 2387 γενέσθαι
860 2296 1142 2390 παροράμενονῆ

132 2409 188 2476 καί
215 2405 278 2494 τὴν
305 2405 412 2497 ἀρχὴν
439 2405 483 2495 μη
512 2408 591 2476 δέον
617 2408 778 2493 γενέσθαι
805 2407 1017 2496 γιγνόμενον.
1063 2406 1143 2488 ἅπαξ

134 2512 171 2581 δὲ
198 2514 253 2581 καὶ
282 2514 441 2600 δεύτερον
469 2509 541 2603 (οῦ)
569 2513 787 2600 καθηκόντως
814 2519 876 2602 μοί
898 2539 1003 2583 τινων
1025 2532 1143 2605 χρηστι-

89 2621 253 2706 Βμένων,
281 2618 426 2708 ἐμαυτὸν
454 2616 573 2712 ᾠήθην
600 2622 720 2709 χρῆναι
746 2622 846 2707 τιμάν
871 2622 912 2710 τῇ
939 2623 1066 2711 σιωπῇ,
1092 2620 1144 2691 ντὶ

133 2728 194 2794 τοῦ
221 2729 342 2802 λοιποῦ
367 2723 431 2815 τὴν
457 2730 600 2814 χλανίδα
627 2728 827 2816 περιέφερον
844 2727 901 2795 καί
927 2722 991 2814 τὴν
1018 2726 1143 2799 εἰκόνα·

132 2832 261 2901 τούτων
294 2832 357 2921 γάρ
388 2831 426 2902 τὸ
458 2834 640 2921 τηνικαῦτα
672 2831 875 2921 διενοούμην
906 2829 1145 2922 ἀποπεφάνθαι

134 3127 218 3175 mian.
237 3126 298 3176 τοι.
317 3129 345 3178 11
362 3145 388 3192 p.
407 3130 456 3177 ετο
468 3127 527 3176 εει.
598 3127 611 3174 1
637 3118 670 3177 τὸ
690 3120 785 3192 σχῆμα
803 3124 936 3175 Valesius
952 3122 970 3178 1.
988 3123 1008 3175 1.
1026 3130 1058 3176 et
1076 3126 1142 3177 Len-

133 3209 196 3258 nep.
216 3194 252 3243 ad
271 3195 382 3245 Phalar.
402 3211 428 3260 p.
448 3195 503 3256 183,
515 3191 543 3258 b]
565 3183 660 3271 όχημοχ
746 3195 762 3243 5
787 3188 955 3257 κομιοῦνται.
985 3184 1022 3244 οῦ
1038 3186 1141 3257 uanis]

219 3260 314 3320 κακῶς
336 3267 407 3327 ρει,
430 3265 460 3311 in
479 3264 502 3311 V
520 3261 604 3326 periit
627 3277 661 3312 ου
685 3260 782 3310 charta
806 3274 934 3325 perrona,
957 3260 1032 3325 quod
1054 3274 1144 3313 mn·

133 3331 196 3379 dum
220 3331 366 3379 Petavium
389 3329 514 3394 reposuit
535 3328 632 3394 spanh.
668 3331 671 3336 '
720 3321 953 3403 ὁπραχθέντος]
970 3323 1054 3387 τινός
1071 3326 1143 3381 addit

132 3397 192 3451 Pet.
263 3399 292 3446 11
318 3393 454 3462 αἰτηθείς
471 3393 543 3462 Pet]
562 3390 677 3453 ἐπιθεὶς
746 3397 778 3445 12
803 3385 891 3454 αὐτος
909 3394 1059 3447 delendum
1073 3394 1142 3447 vid·-

132 3470 178 3514 tur
249 3467 280 3514 14
303 3463 358 3516 τῶν
378 3470 506 3528 οεορει.
575 3466 607 3513 21
631 3458 670 3528 μὴ
689 3458 757 3514 δέον
774 3459 812 3530 V]
831 3455 905 3529 μηδὲ
974 3463 1010 3515 22
1032 3450 1142 3517 οῦιδῶ

132 3532 194 3584 Pet.
265 3535 298 3583 25
316 3526 424 3584 τούτων
442 3530 469 3581 Η
488 3537 517 3582 et
535 3527 616 3597 Cob.]
635 3525 726 3596 τούτῳ
744 3547 777 3596 v,
795 3523 899 3582 τοῦτον
918 3529 979 3581 Pet.
