2370 3908
325 175 504 226 EPISTOLA
522 177 570 226 AD
588 176 829 227 THEMISTIUM.
1030 176 1094 240 335

79 303 210 388 μηχανή
246 298 306 369 τόν
338 303 392 370 ἐπὶ
423 306 485 370 τοῦ
517 303 653 391 Κρόνου
690 303 870 390 λεγόμενον
906 310 999 390 βίον,
1037 307 1136 373 καὶλ)

80 403 162 474 ὅσον
189 410 227 474 ἐν
254 403 334 494 ἡμῖν
367 404 557 488 ἀθανασίας
584 413 706 493 ἔνεστι,
733 409 840 499 τούτῳ
869 413 1093 498 πειθομένους

80 517 226 602 δημοσίᾳ
263 515 319 580 καὶ
354 519 424 604 ἰδίᾳ
460 513 518 594 τάς
549 541 584 582 τε
617 513 762 602 οἰκήσεις
797 516 865 583 καὶ4
886 514 945 595 τάς
981 516 1093 598 πόλεις

81 623 236 703 διοικεῖν,
264 618 326 706 τήν
353 623 415 688 τοῦ
442 623 507 688 νοῶ
536 618 700 707 διανομήν
728 617 951 707 ὀνομάζοντας
978 622 1094 710 νόμον.

54 729 113 792 εεί
146 725 182 792 δέ
215 722 395 813 ἅνθρωπος
426 721 473 807 εἷς
500 722 520 813 ή
554 723 726 815 ὀλιγαρχία
757 752 807 806 τις
834 723 854 813 ή
888 733 1093 816 δημοκρατία

78 827 192 917 ψυχήν
220 835 342 917 ἔχουσα
369 828 504 919 ἡδονῶν
522 834 577 900 καὶ
597 834 786 920 ἐπιθυμιῶν
815 829 1018 921 ὀρεγομένην
1037 835 1092 902 καὶ

79 940 293 1024 πληροῦσθαι
321 938 450 1006 τούτων
477 941 641 1026 δεομένην
668 936 759 1026 ἀρξει
783 937 824 1026 δή
849 939 975 1020 πόλεῶς
1001 966 1094 1020 τινος

79 1038 99 1129 ἢ
130 1042 267 1110 ἰδιώτου
294 1043 526 1132 καταπατήσας
542 1043 622 1124 τοὺς
648 1043 784 1131 νόμους,
814 1042 876 1113 οόκ
895 1050 964 1112 ἔστι
989 1066 1094 1132 σωτη-

78 1154 152 1229 τίας
179 1148 341 1237 μηχανή.“
385 1150 511 1238 ταύτην
539 1151 602 1236 ἐγῶ
622 1171 675 1219 σοι
702 1148 764 1238 τήν
783 1154 881 1239 ῥῆσιν
910 1152 1095 1238 ἐξεπίτηδες

38 1283 64 1321 10
79 1251 163 1340 όλην
203 1257 422 1344 παρέγραψα,
468 1257 512 1344 μή
552 1285 592 1343 με
632 1258 782 1325 κλέπτειν
823 1253 995 1345 ὑπολάβῃς
1031 1259 1146 1328 καὶκοθ

78 1375 281 1449 κακουργεῖν
308 1361 443 1448 μόθους
470 1358 630 1450 ἀρχαίους
657 1364 882 1451 προφέροντα,
909 1362 1013 1451 τυχόν
1033 1363 1094 1451 μὲν

80 1469 242 1554 ἐμφερῶς,
271 1463 312 1534 οὐ
340 1466 407 1555 μὴν
435 1464 570 1554 άληθῶς
597 1469 704 1554 πάντη
734 1470 975 1556 ξυγκειμένους.
1016 1466 1091 1538 ἀλλ’

80 1569 99 1639 ὅ
128 1599 166 1658 γε
193 1569 322 1660 ἀληθής
353 1569 437 1662 ὑπὲρ
470 1571 582 1641 αὐτῶν
614 1575 712 1659 λόγος
744 1582 778 1641 τί
809 1594 929 1661 φησιν,
962 1572 1096 1655 ἀκούεις

80 1674 143 1763 ότι,
170 1674 233 1746 κάν
261 1676 443 1768 άνθρωπός
469 1706 519 1760 τις
545 1671 566 1768 ή
594 1684 633 1769 τῇ
662 1679 773 1766 φύσει,
800 1690 899 1748 θείου
926 1679 1013 1749 εἶναι
1031 1679 1092 1769 χρή

35 1812 63 1852 ιε
78 1786 120 1872 τῇ
152 1787 341 1872 προαιρέσει
373 1787 430 1854 καὶ
462 1790 622 1872 δαίμονα,
658 1788 726 1853 πάν
762 1781 874 1871 ἀπλοτς
910 1787 1094 1873 ἐκβαλόντα

77 1887 117 1957 τὸ
159 1887 290 1976 θνητόν
331 1893 386 1958 καὶ
426 1894 595 1980 θηριῶδες
636 1894 693 1978 τής
733 1894 861 1978 ψυχῆς,
902 1890 989 1979 πλήν
1030 1889 1129 1963 όσοιΒ

78 1991 210 2082 ἀνάγκη
240 1995 296 2063 διὰ
324 1993 385 2083 τήν
412 1999 474 2064 τοῦ
502 1996 653 2083 σώματος
680 1999 882 2085 παραμένειν
911 2004 1094 2085 σωτηρίαν;
1173 2070 1178 2079 ,

77 2103 186 2168 ταῦτα
214 2111 247 2169 εί
269 2130 318 2181 τις
351 2105 480 2171 ἐννοῶν
513 2105 663 2171 δέδοικεν
692 2104 744 2171 ἐπὶ
776 2106 974 2190 τηλικοῦτον
1003 2103 1095 2172 ἑλκό-

77 2233 181 2295 μενος
199 2213 286 2294 βίον,
306 2200 371 2296 ἀρά
390 2230 445 2277 σοι
463 2215 618 2295 φαίνεται
637 2206 697 2296 τήν
714 2206 942 2298 Ἐπικούρειον
960 2209 1093 2297 θαυμά-
1141 2250 1142 2254 =

32 2346 60 2385 w
79 2321 150 2396 ζειν
181 2302 445 2402 ἀπραγμοσύνην
476 2316 531 2382 καὶ
567 2312 646 2395 τοὺς
684 2315 811 2402 κήπους
847 2316 903 2383 καὶ
939 2314 976 2382 τὸ
1013 2341 1095 2404 προ-

78 2419 216 2488 άστειον
252 2423 320 2488 τῶν
355 2418 544 2508 Ἀθηναίων
579 2421 635 2488 καὶ
672 2419 730 2501 τὰς
765 2427 929 2510 μυρρίνας
965 2423 1021 2488 καὶ
1057 2419 1095 2489 τὸ

76 2524 286 2615 Σωκράτους
313 2527 495 2614 δωμάτιον;
529 2524 603 2595 ἀλλ’
633 2524 695 2596 οὐκ
724 2532 813 2595 ἔστιν
846 2524 932 2595 όπου
960 2554 998 2612 γε
1030 2525 1095 2614 ἐγῶ

76 2635 187 2700 ταῦτα
219 2632 422 2722 προτιμήσας
453 2636 521 2701 τῶν
558 2633 674 2700 πόνων
713 2629 847 2720 ῶφθην.
897 2630 1016 2720 ήδιστα
1053 2631 1096 2701 ἀν

77 2758 137 2807 σοι
164 2736 243 2820 τοὺς
275 2741 422 2825 ἐμαυτοῦ
452 2739 579 2820 πόνους
608 2740 785 2826 διεξηλθον
817 2741 872 2807 καὶ
899 2737 940 2806 τά
968 2742 1095 2830 ἐπικρε-

32 2877 58 2918 ιε
76 2847 255 2934 μασθέντα
286 2842 375 2934 παρά
406 2849 473 2913 τῶν
505 2853 615 2932 φίλων
647 2847 703 2914 καὶ
736 2847 922 2932 ξυγγενῶν,
956 2843 1010 2914 ὅτε
1037 2847 1097 2932 τῆς

76 2948 163 3039 παρ’
193 2947 274 3039 ὑμῖν
301 2948 451 3040 ήρχόμην
469 2957 630 3048 παιδείας,
659 2957 807 3038 δείματα,
835 2957 867 3019 εί
892 2950 1134 3041 μὴσφόδράῦ

151 3127 415 3215 4έπονομάζοντας
433 3135 504 3184 Plat.
573 3128 721 3200 δέχουοιν
741 3133 792 3200 Vl
816 3131 986 3202 είργομένην
1003 3136 1028 3186 V
1081 3138 1095 3187 7

78 3203 161 3254 Inter
164 3199 323 3283 δεομένη
320 3208 348 3252 ει
353 3195 446 3283 άρξει
465 3203 534 3253 haec
547 3202 685 3253 adduntur
696 3202 769 3267 apud
781 3202 937 3256 Platonem.
956 3199 1095 3269 στέγουσα

80 3265 118 3352 δξ
136 3261 208 3322 orm
209 3286 239 3330 ν,
258 3262 323 3321 άλλ
342 3263 499 3352 ἀνηνύτῳ
498 3268 546 3320 καλ
566 3262 701 3352 ἀπλήστῳ
720 3269 799 3338 κακῷ
819 3263 960 3335 νοσήματι
979 3269 1096 3348 ξυνεχο-

79 3333 177 3419 μένην
246 3340 330 3389 veta
352 3322 499 3396 πόλεως
478 3355 496 3403 η
516 3353 594 3395 τινος
612 3321 733 3388 ίδιάτοο
750 3321 823 3388 Plat.
891 3329 1096 3417 8καταπατή-

80 3398 177 3466 σας]“
164 3423 180 3457 ο
199 3405 329 3465 τοιοῦτος
347 3405 457 3455 additur
476 3421 518 3469 ap.
538 3405 610 3459 Plat
630 3403 635 3468 Ι
659 3395 812 3470 νόμους]
797 3421 812 3455 ο
831 3403 885 3456 νῦν
903 3399 941 3470 δή
961 3397 991 3456 ἐλ
977 3401 1097 3469 λέγομεν

80 3473 146 3526 add.
162 3474 237 3524 Plat.
313 3476 344 3524 10
361 3467 535 3538 παρέγραψα
555 3468 634 3544 Cob]
654 3463 886 3555 παρεγραψάμην
961 3475 993 3522 19
1017 3481 1044 3522 et
1063 3474 1097 3523 20

80 3533 250 3606 θαυμάζειν
268 3557 307 3593 τον
325 3534 493 3606 άπραγχι.ν
563 3542 608 3590 21
613 3537 737 3604 μυρίνας
756 3543 779 3592 V
795 3545 850 3604 pet.
921 3541 954 3590 2ss
973 3537 1096 3604 δείματα
1175 3567 1182 3575 ,
