2392 3960
107 157 147 221 76
408 156 552 212 mmm
570 155 818 208 IMPERATORIS

105 287 274 375 τρέποτες,
309 289 371 355 τοῦ
412 283 456 373 μὴ
497 282 653 374 καθαράν
690 279 804 364 αὐτοῖς
844 282 928 371 μηδὲ
968 281 1122 373 άδακρυν

106 406 290 482 παρασχεῖν
317 390 379 479 τὴν
406 399 506 480 νίκην
533 392 588 460 καὶ
616 388 653 460 τό
682 386 912 477 ἀποθνήσκειν
940 387 1120 458 ἀνταλλατ-

54 524 87 571 60
106 498 248 585 τόμενοι.
290 499 345 566 καὶ
372 501 476 567 ταῦτα
496 503 605 588 ἔδρων
632 493 673 566 ού
691 498 781 578 πεζοὶ
808 496 915 584 μόνον
941 495 1026 585 πρὸς
1042 495 1122 577 τοῦς

107 603 304 690 διώκοντας,
341 602 424 674 ἀλλά
460 607 517 673 καὶ
553 601 645 684 ὅσοις
681 605 749 671 τῶν
787 604 914 671 ἱππέων
950 599 1016 672 ὑπὸ
1053 607 1122 671 τῶν

106 711 313 798 θραυμάτων
358 707 473 801 ἀχρεῖα
518 712 686 790 παντελῶς
727 709 873 796 ἐγεγόνει
912 707 954 777 τά
994 709 1148 798 δόραταε

108 818 246 904 [σφῶν]
284 819 398 898 ξυστοὶ
425 819 466 886 δέ
491 823 577 887 εἰσιν
596 813 757 905 εὐμήκεις,
786 812 845 896 οὓς
869 815 1122 904 συγκαταγνύν-

107 949 159 1003 τες
181 925 237 991 καί
256 921 493 1012 ἀποπηδῶντες
510 929 558 1005 είς
575 921 656 1004 τούς
675 917 810 1003 ὁπλίτας
837 922 1122 1010 μετεσκενάζοντο.

108 1031 163 1097 καὶ
195 1029 319 1117 χρόνον
351 1032 413 1118 μίν
448 1056 523 1099 τινα
555 1032 704 1118 χαλεπῶς
740 1030 795 1097 καί
828 1029 922 1117 μόλις
955 1026 1121 1116 ἀντεῖχον·

108 1137 178 1203 ἐπεὶ
211 1136 248 1203 δὲ
280 1140 317 1204 οί
345 1163 380 1204 τε
413 1140 522 1216 ίππεῖς
558 1141 700 1223 ἔβαλλον
732 1137 769 1204 ἐκ
805 1135 912 1216 τόξων
943 1135 1124 1224 πόρρωθεν

109 1238 371 1329 ἀφιππαζόμενοι
399 1243 454 1310 καί
482 1247 518 1311 οί
541 1241 782 1331 θωρακοφόροι
809 1256 952 1322 πυκναῖς
979 1239 1047 1329 ἐπ’Ι
1062 1239 1122 1309 αύ-
1137 1269 1162 1308 ιο

72 1344 188 1427 Βτούς
217 1351 360 1437 ἐχρῶντο
387 1363 460 1430 ταῖς
487 1349 679 1418 ἐπελάσεσιν
702 1345 759 1416 άτε
786 1351 823 1416 ἐν
850 1353 954 1439 πεδίῳ
982 1350 1123 1439 καθαρῷ

89 1454 163 1521 καὶ
191 1460 268 1544 λείῳ
298 1454 359 1535 νύξ
385 1481 421 1523 τε
449 1456 623 1543 ἐπέλαβεν,
651 1457 799 1523 ἐνταῦθα
828 1459 863 1523 οῖ
888 1453 950 1541 μὲν
976 1451 1123 1540 ἀπέφευ-

108 1586 171 1645 γον
198 1558 352 1647 άσμενοι,
381 1566 417 1629 οί
442 1560 479 1630 δὲ
506 1564 649 1630 ἐδίωκον
680 1565 846 1651 καρτερῶς
873 1559 949 1649 ἀχρι
976 1563 1038 1628 τοῦ
1066 1560 1124 1647 χά-

109 1693 224 1755 ρακος,
262 1667 317 1735 καὶ
355 1664 466 1735 αὐτὸν
492 1670 648 1756 αἱροῦσιν
681 1664 798 1747 αύταῖς
834 1664 1035 1747 ἀποσκευαῖς
1067 1668 1124 1734 καὶ

110 1771 336 1862 ἀνδραπόδοις
363 1774 418 1841 καὶ
437 1773 599 1861 κτήνεσιν.
636 1770 820 1864 ἀρξαμένης
848 1775 896 1859 δέ,
924 1770 1005 1862 ὅπερ
1024 1777 1123 1860 ἔφην,
1138 1798 1162 1841 ιι

110 1876 184 1965 άρτι
211 1881 269 1966 τῆς
295 1881 420 1967 τροπῆς
450 1883 520 1948 τῶν
551 1887 719 1968 πολεμίων
750 1881 806 1948 καὶ
833 1883 902 1948 τῶν
929 1878 1125 1948 διωκόντων

111 1981 172 2053 οῦκ
209 1981 386 2072 ἀνιέντων,
423 1987 476 2054 ἐπὶ
512 1985 550 2055 τὸ
586 1984 683 2055 λαιὸν
721 1983 906 2072 ῶθοῦνται,
947 1990 1066 2073 ἵναπερ
1104 1981 1123 2054 ὃ

110 2090 256 2178 ποταμὸς
283 2085 326 2179 ἦν
352 2107 423 2173 τοῖς
450 2096 632 2183 κρατοῦσιν
660 2096 697 2161 ἐν
725 2095 824 2184 δεξιᾷ.
865 2094 1014 2160 ἐνταῦθα
1043 2087 1123 2160 δδδ

109 2195 215 2278 πολύς
242 2200 371 2284 ἐγένετο
405 2199 525 2286 φόνος,
557 2200 614 2267 καὶ
647 2199 797 2287 ἐπλήσθη
830 2201 959 2289 νεκρῶν
986 2195 1125 2286 ἀνδρῶν

76 2329 144 2382 cte
176 2304 232 2372 καὶ
264 2309 375 2373 ἵππων
407 2302 536 2392 ἀναμίξ.
586 2301 628 2374 ού
661 2304 725 2396 γάρ
758 2303 800 2393 δὴ
835 2302 853 2374 ό
881 2306 997 2395 Λράος
1030 2303 1125 2396 ε’ῳκει
1139 2331 1162 2371 το

110 2409 338 2502 Σκαμάνδρῳ,
375 2408 456 2480 οὐδὲ
488 2403 531 2499 ἦν
562 2408 703 2500 εὐμενὴς
738 2427 809 2492 τοῖς
845 2411 1047 2500 φεύγουσιν,
1080 2406 1127 2492 ῶς

109 2514 189 2596 τοὺς
216 2515 277 2603 μὲν
308 2515 449 2604 νεκρούς
481 2515 597 2599 αύτοῖς
628 2516 743 2598 ὅπλοις
770 2521 910 2599 ἐξωθεῖν
938 2518 992 2586 καὶ
1021 2513 1125 2607 ἀπορ-

112 2635 239 2707 ριπτεῖν
265 2625 334 2690 τῶν
362 2624 546 2712 ῥευμάτων,
572 2623 653 2706 τοὺς
677 2628 799 2706 ζῶντας
818 2624 856 2692 δὲ
883 2623 1126 2711 ξυγκαλύπτειν

111 2729 167 2795 καὶ
195 2724 420 2818 ἀποκρύπτειν
447 2727 606 2817 ἀσφαλῶς
632 2745 704 2812 ταῖς
731 2735 849 2812 δίναις.
885 2733 985 2799 τοῦτο
1012 2728 1078 2817 γάρ
1106 2726 1125 2798 ὁ

111 2833 259 2922 παταμὸς
287 2831 304 2903 ό
328 2834 421 2925 Τρῶς
438 2835 540 2924 τυχὸν
568 2837 629 2925 μὲν
647 2833 712 2906 ὑπὸ
741 2834 875 2918 εὐνοίας
903 2842 994 2925 ἔδρα,
1020 2832 1126 2924 τυχόν
1140 2862 1162 2904 ν

181 3049 457 3122 λάνταλαττόμενοι
476 3059 502 3110 V
569 3057 660 3110 4τῶν
679 3053 790 3111 ἱππέων
810 3059 916 3123 (ἵππων
934 3057 973 3125 V)
992 3061 1054 3110 Pet.
1071 3059 1127 3111 huc

112 3126 295 3189 transposuit3
318 3127 407 3205 vulgo
425 3127 497 3176 inter
514 3118 549 3177 τά
573 3133 602 3177 et
621 3119 730 3208 δόρατα
753 3129 885 3194 leguntur
953 3131 969 3178 5
990 3122 1127 3193 θραυμά-

112 3209 168 3242 των
186 3190 273 3258 eant.]
293 3187 472 3273 τραυμάτων.
498 3195 560 3245 Pet
574 3191 770 3259 θραυσμάτων
838 3194 954 3259 6σφῶν
973 3194 1026 3246 del.
1034 3192 1125 3275 Pet}

112 3254 395 3325 συγκαταμιγνύντες
412 3264 438 3313 V
507 3264 538 3312 10
549 3255 793 3345 ἕφιππαζόμενοι
812 3269 860 3313 aut
876 3255 1127 3329 παριππαζόμενοι

113 3327 287 3377 scribendum
305 3330 416 3380 videtur
484 3331 516 3380 12
539 3322 693 3396 άπέφνχον
710 3331 739 3379 Μ
809 3335 842 3382 14
860 3327 993 3397 αίρνῦσιν
1010 3330 1077 3381 sssk
1097 3336 1128 3382 et

112 3393 151 3461 H]
172 3391 366 3466 ἀναιροῦσιν
414 3399 446 3447 15
464 3386 558 3476 ὥσπερ
578 3405 650 3454 cant
709 3403 741 3450 18
759 3394 802 3480 δὲ]
821 3397 871 3452 καὶ
889 3400 918 3449 Μ
986 3401 1020 3450 20
1037 3393 1127 3461 δραίος

35 3477 38 3483 ·
112 3463 169 3512 VM
205 3459 366 3517 Suidasi.
364 3481 391 3516 v,
461 3468 494 3516 22
518 3457 705 3543 ἀπορριπτειν
723 3465 757 3532 V]
776 3466 973 3536 απορρίτιτειν.
1003 3466 1040 3516 cf.
1058 3466 1126 3517 591)

112 3532 145 3580 23
165 3527 377 3598 ξυγκαλύπτειν
394 3532 428 3599 V]
447 3529 660 3600 συγκαλύπτειν
