2370 3908
101 207 144 272 80
401 209 545 261 IULIANI
566 208 817 261 IMPERATORIS

101 363 132 404 τι
157 336 331 425 τεττάρων.
360 341 395 405 οί
412 335 449 404 δέ
468 338 504 405 ἐν
522 339 569 427 τῶ
596 341 695 423 τείχει
713 338 860 423 συνεχῶς
887 332 1101 425 ἀπεκρούοντι

100 442 179 523 τοὺς
216 444 409 531 βαρβάρους
445 441 732 531 καταπιμπράντες
768 440 826 523 τάς
861 436 1013 530 μηχανάς
1047 457 1101 512 τοί

100 549 301 638 πυρφόροις
331 552 416 629 ναῦς
443 548 480 618 δέ
500 545 655 617 ἀνεῖλκον
673 546 798 628 πολλὰς
819 547 881 637 μέν
908 551 944 618 ἐκ
970 553 1033 618 τοῦ
1051 556 1101 618 τεί

100 683 190 742 χους,
218 653 315 723 ἀλλαι
343 655 380 723 δέ
407 655 632 741 κατεάγνυντο
661 650 728 723 ὑπὸ
748 653 861 744 ῥῶμης
882 658 952 724 τῶν
981 652 1101 744 ἀφιεμέ

100 789 171 829 νων
200 759 356 851 ὀργάνων
383 764 439 830 καὶ
458 760 585 849 βάρους
611 763 680 829 τῶν
707 763 823 848 βελῶν.
859 762 1022 851 ἐφέροντο
1051 760 1101 849 γδη

48 888 81 936 63
101 873 147 949 είς
175 865 278 949 αάτάς
305 876 397 937 λίθοι
424 867 597 936 ταλάντων
626 863 726 955 ὁλκής
750 864 906 936 Ἀττικῶν
933 868 1023 937 ἑπτά.
1059 896 1101 937 κα

100 973 213 1063 ἐπειδή
246 990 385 1062 συχναῖς
416 970 554 1062 ἡμέραις
581 971 674 1042 ταῦτ’
704 976 839 1063 ἐδράτο,
868 973 1032 1063 ῥήγνυται
1060 977 1101 1062 μέ

100 1108 158 1168 ρος
185 1084 247 1148 τοῦ
274 1080 424 1168 χῶματος
451 1082 507 1148 καὶ
531 1076 550 1167 ή
571 1083 639 1148 τῶν
666 1076 801 1148 ὑδάτων
819 1083 909 1168 ἐκρεῖ
925 1080 1101 1169 πλήμμυρα

99 1188 155 1254 καὶ
183 1183 233 1254 ἐπ’
264 1183 349 1274 αὐτή
376 1189 437 1254 τοῦ
456 1193 586 1274 τείχους
603 1188 703 1275 μέρος
722 1183 785 1256 οὐκ
813 1192 956 1255 ἔλασσον
983 1187 1101 1275 πήχεων

100 1291 219 1361 ἑκατὸν
247 1294 511 1380 συγκατηνέχθη.
548 1295 696 1361 ἐνταῦθα
724 1309 842 1380 κοσμεῖ
866 1292 928 1381 τήν
957 1291 1101 1382 στρατιάι

100 1397 161 1467 τὸν
193 1397 361 1488 Περσικὸν
392 1399 528 1490 τρόπον.
574 1399 777 1481 διασώζουσι
808 1397 873 1487 γὰρ
905 1400 961 1467 καί
995 1397 1099 1487 ἀπομι

98 1508 241 1593 μοῦνται
259 1503 299 1573 τά
318 1505 466 1595 Περσικά
490 1502 551 1574 οὐκ
570 1502 750 1591 ἀξιοῦντες,
779 1507 850 1593 ἐμοὶ
879 1511 1003 1592 δοκεῖν,
1022 1515 1099 1597 Παρ

98 1622 217 1680 θναῐοι
243 1618 453 1699 νομίζεσθαι,
482 1613 609 1700 Πέρσαι
638 1610 675 1679 δέ
708 1609 794 1679 εἶναι
821 1610 1101 1701 προσποιούμενοι

58 1718 205 1785 Βταῦτά
232 1744 284 1786 τοι
310 1720 366 1787 καὶ
386 1720 487 1807 στολή
507 1721 646 1804 Μηδικῇ
673 1723 840 1804 χαίρουσι·
869 1719 925 1786 καὶ
949 1720 982 1799 ἐς
1010 1718 1101 1807 μάχας

98 1829 252 1912 ἐρχονται
281 1821 404 1912 ὁμοίως
433 1827 571 1903 ἐκείνοις
595 1820 710 1903 ὅπλοις
737 1849 771 1891 τε
799 1821 1021 1911 ἀγαλλόμενοι
1047 1850 1101 1893 τοι

100 1929 212 2011 οάτοις
239 1932 294 1998 καὶ
323 1931 511 2019 ἐσθήμασιν
531 1929 721 2018 ἐπιχρύσοις
748 1930 804 1997 καὶ
832 1925 1021 2020 ἁλουργέσι.
1058 1951 1101 1999 σο

99 2043 253 2123 φίζονται
280 2036 317 2105 δὲ
337 2039 497 2106 ἐντεῦθεν
525 2034 626 2125 τὸμὴ
654 2041 768 2105 δοκείν
795 2033 981 2123 ἀφεστάναι
1001 2044 1101 2105 ΜακεΙ

99 2143 222 2229 δόνων,
250 2140 433 2231 ἀναλαβεῖν
451 2143 489 2211 δέ
507 2141 569 2232 τήν
597 2144 629 2223 ἐξ
649 2139 791 2231 ἀρχαίου
818 2149 992 2230 βασιλείαν
1011 2162 1101 2233 προσ·

97 2249 258 2336 ήκουσαν.
295 2246 423 2319 οὐκοῦν
450 2252 506 2318 καὶ
535 2245 552 2317 δ
583 2246 739 2335 βασιλεὺς
762 2249 888 2337 Ξέρξην
912 2249 1101 2337 μιμούμενοι

98 2357 156 2423 ἐπί
179 2382 270 2436 τινος
288 2356 520 2445 χειροποιήτου
543 2358 694 2442 καθῆστο
719 2355 883 2442 γηλόφου,
910 2358 1059 2445 προσῆγε
1077 2352 1101 2423 δ]

97 2457 118 2549 ή
147 2455 283 2550 στρατιά
311 2460 373 2542 ξὺν
400 2477 469 2541 τοῖς
495 2467 638 2552 θηρίοις.
676 2464 779 2529 ταῦτα
808 2461 845 2530 δέ
873 2463 906 2543 ἐξ
932 2457 1051 2535 Ἰνδῶν
1070 2463 1101 2530 εί·

97 2591 187 2652 πετο,
206 2569 262 2635 καὶ
281 2573 400 2656 ἔφερεν
419 2570 454 2637 ἐκ
473 2567 615 2656 σιδήρου
634 2568 785 2656 πύργους
807 2569 953 2648 τοξοτῶν
970 2567 1101 2657 πλήρεις

98 2668 245 2759 ἡγοῦντο
279 2673 316 2742 δέ
353 2671 466 2742 αὐτῶν
500 2678 608 2755 ἱππεῖς
645 2678 680 2742 οί
709 2672 952 2764 θωρακοφόροι
988 2674 1044 2742 καὶ
1081 2700 1101 2742 οΙ

58 2778 238 2865 Οτοξόται,
266 2782 379 2869 ἕτερον
408 2782 534 2848 ἱππέων
562 2784 692 2868 πλῆθος
724 2777 904 2867 ἀμήχανον.
950 2778 988 2848 τὸ
1017 2778 1101 2863 πεζδι

97 2885 161 2974 γάρ
190 2905 273 2973 σφιν
305 2884 439 2976 ἀχρείου
471 2889 504 2968 ἐς
531 2884 571 2954 τά
604 2883 764 2973 πολεμικά
796 2888 1004 2972 καθέστηκεν
1036 2884 1101 2955 οὔτε

147 3111 162 3157 2
181 3101 437 3175 κατατιμπράντες
455 3110 498 3175 Μ,
516 3105 773 3190 καταπιμπρῶντες
790 3109 822 3171 V,
840 3103 1101 3176 καταπιπράντεςι

96 3169 326 3242 λκατεάγννντο
350 3174 390 3242 V]
411 3171 587 3242 κατεάγοντο
614 3175 618 3241 Ι
645 3170 737 3244 ρυμης
756 3176 878 3257 praefert
897 3177 1028 3228 Εείελςλοε
1095 3180 1101 3225 λ

94 3237 219 3307 Ἀττικῆς
242 3244 309 3294 Rsk.
380 3247 395 3295 7
419 3242 511 3295 ταῦτα
532 3244 590 3294 VM
664 3247 680 3296 8
707 3247 765 3309 πλη
788 3261 864 3311 μυροι
887 3242 930 3310 Η]
954 3246 1034 3311 πλημ
1057 3240 1101 3311 ἀρε

98 3313 129 3359 12
148 3308 246 3361 δοκεῖν
265 3309 303 3377 Η]
325 3309 414 3366 δοκεῖ.
446 3312 482 3362 cf.
502 3312 537 3362 εδ
555 3313 636 3362 308Β
707 3315 738 3364 16
772 3305 920 3378 σθήμασιν
940 3309 1006 3378 VM]
1039 3302 1101 3379 σθή

96 3393 165 3456 μασξ
238 3381 269 3429 17
292 3371 457 3443 ἀφεστάναι
474 3376 548 3444 VM]
568 3372 732 3459 ἀηεστάναι
802 3381 833 3430 18
856 3373 910 3446 τήν
928 3372 959 3443 ἐξ
976 3370 1101 3447 ἀρχαίου

97 3438 128 3508 ἐξ
147 3446 269 3511 αρχαίου
287 3441 341 3513 τήν
359 3447 395 3510 V,
418 3441 448 3510 ἐξ
467 3439 557 3513 ἀρχῆς
574 3465 629 3514 την
646 3448 713 3510 Μνς
737 3443 791 3514 τὴν
810 3463 872 3498 cum
890 3448 1002 3499 Roiskio
1021 3455 1099 3499 trans

96 3515 176 3578 posui
256 3517 289 3565 20
310 3512 449 3583 προσῆγε]
473 3515 569 3565 Malim
591 3514 699 3582 προῆγε
778 3518 809 3566 21
835 3513 888 3578 ξύν
911 3519 973 3575 τοῖς
996 3515 1099 3581 θηρίοι

96 3579 167 3648 VM]
188 3578 241 3633 σδν
257 3581 377 3649 θηρίοις
444 3586 477 3634 25
496 3597 567 3648 σφιν
584 3580 620 3649 V]
642 3597 734 3647 φασιν
759 3582 764 3649 Ι
791 3575 820 3643 ἐς
837 3581 871 3649 V]
892 3579 933 3642 είς
