2392 3960
393 168 598 221 EPISTOLAE
615 171 658 225 α.
675 170 717 220 ιε.
735 171 777 222 ω.
964 156 968 163 “
1026 167 1090 234 553

74 304 115 372 δὲ
143 305 284 385 ἐλπίδος.
329 309 425 385 ἵλεως
455 303 492 372 δέ
519 309 603 391 ἐστω
628 316 699 384 τοϊς
725 303 839 391 λόγοις
860 303 957 393 ἡμῶν
976 302 1090 394 Ἀδρά-

74 431 184 479 στεια·
220 413 282 500 τὴν
314 411 377 498 γὰρ
411 413 448 479 ἐν
481 408 583 503 ὀλίγῳ
614 409 775 498 τοιαύτην
805 411 861 481 καὶ
889 411 1134 500 τηλικαύτηνῙ)

75 518 266 605 μεταβολὴν
302 515 376 587 οὐδ’
412 514 482 606 (ἀν)
519 516 685 598 εὔξασθαί
711 544 762 597 τις
793 515 895 610 ὀλίγῳ
927 518 1091 609 πρότερον

76 623 208 711 ἐτόλμα.
252 629 288 692 τί
317 616 380 692 οὖν
411 621 506 712 ἡμεῖς
538 622 680 711 οίόμεθα
708 627 813 692 ταῦτα
844 621 975 712 ἀρκεῖν,
1011 623 1092 696 οὐδὲ

37 754 60 794 5
76 730 325 817 ἀποβλέπομεν,
357 729 402 810 ὡς
433 730 574 817 μάλιστα
600 729 664 818 τὴν
691 726 856 818 ἀθεότητα
883 731 1092 819 συνηύξησεν

75 837 98 925 ἡ
118 837 193 924 περὶ
211 835 291 915 τοὺς
310 837 425 917 ξένους
443 843 682 923 φιλανθρωπία
699 837 755 905 καὶ
775 833 796 924 ἡ
815 837 891 925 περὶ
908 836 967 917 τάς
983 837 1092 924 ταφάς
1104 867 1131 910 ιο

75 948 146 1012 τῶν
179 946 308 1032 νεκρῶν
340 942 530 1031 προμήθεια
556 942 612 1010 καὶ
642 939 663 1030 ἡ
690 945 903 1030 πεπλασμένη
931 945 1093 1032 σεμνότης

75 1047 161 1118 κατὰ
183 1048 244 1116 τόν
266 1039 360 1134 βίονς
383 1041 434 1117 ὦν
455 1049 596 1116 ἕκαστον
618 1055 730 1135 οίομαι
752 1052 874 1136 χρῆναι
896 1047 975 1139 παρ’
996 1048 1145 1140 ἠμύνετο

76 1155 216 1243 άληθῶς
242 1153 505 1242 ἐπιτηδεύεσθαι.
549 1155 605 1222 καὶ
628 1152 689 1222 ούκ
712 1151 840 1244 ἀπόχρη
861 1153 900 1225 τὸ
925 1156 962 1225 σὲ
984 1156 1093 1244 μόνον

36 1284 64 1323 -0
78 1260 167 1330 εἶναι
203 1265 374 1345 τοιούτου,
410 1257 494 1327 ἀλλὰ
524 1259 651 1340 πάντας
681 1258 879 1342 ἁπαξαπλῶς
911 1260 986 1331 ὅσοι
1017 1265 1093 1351 περὶ

77 1369 142 1457 την
156 1374 324 1436 Γαλατίαν
347 1366 433 1434 είσὶν
457 1369 568 1453 ίερείς·
592 1363 652 1446 οὓς
673 1362 696 1454 ἢ
714 1366 917 1455 δυσάπησον
934 1364 956 1456 ἢ
974 1383 1092 1439 πεῖσον
1119 1409 1122 1413 .

79 1474 167 1544 εἶναι
199 1478 419 1556 σπουδαίους,
454 1469 481 1559 ἢ
501 1458 561 1559 της
590 1476 754 1562 ίερατικῆς
779 1481 989 1564 λειτουργίας
1014 1473 1093 1544 ἀπο-

79 1601 220 1668 στησυν,
252 1583 283 1646 εί
309 1578 353 1666 μὴ
380 1579 618 1666 προσέρχοιντο
646 1578 727 1666 μετὰ
749 1584 919 1666 γυναικῶν
941 1583 997 1650 καὶ
1019 1589 1094 1650 παί-
1140 1635 1143 1640 -

81 1693 153 1756 δων
174 1687 230 1754 καὶ
253 1683 475 1771 θεραπόντων
496 1698 567 1764 τοίς
587 1693 697 1770 θεοίς,
725 1683 809 1754 ἀλλά
830 1683 1002 1773 ἀνέχοιντο
1025 1692 1094 1756 τῶν

36 1821 65 1863 ιι
81 1798 220 1865 οίκετάν
245 1788 267 1878 ἢ
290 1792 392 1859 υίέων
414 1787 435 1878 ἢ
457 1795 527 1859 τῶν
549 1794 702 1878 γαμετῶν
724 1788 940 1878 ἀσεβούντων
962 1793 1024 1881 μὲν
1047 1798 1135 1874 είςΒ

79 1902 160 1981 τούς
195 1896 312 1982 θεοὺς,
349 1894 516 1984 ἀθεότητα
552 1896 590 1965 δὲ
621 1903 815 1983 θεοσεβείας
846 1899 1094 1987 προτιμώντων.

81 2016 193 2078 ἔπειτα
228 2009 433 2095 παραίνεσον
471 2003 559 2092 ίερέα
592 2002 674 2091 μήτε
702 2003 836 2095 θεάτρῳ
868 2005 1094 2094 παραβάλλειν

80 2115 162 2203 μήτε
187 2115 224 2181 ἐν
245 2117 410 2202 καπηλείῳ
433 2116 544 2178 πίνειν
567 2105 588 2196 ἢ
610 2111 728 2198 τέχνης
748 2109 841 2192 τινὸς
862 2112 917 2179 καὶ
940 2114 1095 2209 ἐργασίας

81 2223 221 2309 αίσχρᾶς
246 2219 302 2286 καὶ
330 2219 560 2284 ἐπονειδίστου
585 2223 825 2302 προίστασθαι·
839 2301 840 2304 ¹
854 2217 910 2284 καί
931 2216 1011 2297 τούς
1033 2219 1095 2306 μὲν

36 2352 66 2394 εο
80 2325 307 2413 πειθομένους
327 2328 421 2410 τίμα,
442 2321 521 2401 τοὺς
544 2321 581 2389 δὲ
603 2319 832 2403 ἀπειθοῦντας
851 2322 978 2404 έξάθει.
1006 2326 1095 2406 ξενο-

82 2439 198 2501 δοκεία
229 2429 308 2499 καθ’
342 2428 483 2515 ἑκάστην
515 2427 615 2497 πόλιν
645 2427 853 2516 κατάστησον
881 2430 1009 2517 πτανά,
1046 2430 1092 2501 ἵν’

81 2538 321 2608 ἀπολαύσωσιν
342 2539 384 2631 ὀί
407 2533 499 2616 ξένοι
526 2536 584 2620 της
605 2531 684 2621 παρ’
709 2532 804 2621 ἡμῶν
827 2544 1135 2625 ῳιλανθρωπίας,0

82 2646 126 2715 ού
158 2649 225 2713 τῶν
256 2641 426 2731 ἡμετέρων
452 2640 575 2728 μόνον,
606 2638 690 2708 ἀλλά
717 2640 773 2709 καὶ
801 2640 912 2711 ἄλλων
939 2641 1030 2725 ὅστις
1051 2642 1095 2715 ἀν

82 2753 230 2839 ένδεηθῇ
254 2746 439 2838 χρημάτων.
485 2743 569 2814 ὅθεν
592 2745 636 2827 δέ,
653 2743 861 2836 εὐπορήσεις,
885 2744 1100 2839 ἐπινενόηταί

36 2884 67 2924 25
83 2884 143 2948 μοι
166 2858 255 2935 τέως.
289 2852 429 2922 ἑκάστου
451 2851 516 2939 γάρ
540 2853 697 2921 ἐνιαυτοῦ
718 2861 936 2943 τρισμυρίους
957 2862 1097 2949 μοδίους
1110 2880 1135 2920 οι

154 3049 169 3096 2
188 3036 326 3110 τοιαύτην
344 3039 384 3108 H]
403 3035 548 3106 τοσαύτην
616 3045 632 3092 3
650 3030 720 3093 odd}
737 3033 819 3107 (τύδ’
838 3031 874 3094 άν
893 3044 930 3107 Η)
950 3034 1099 3109 εὔξασθαί

82 3131 129 3173 τις
148 3113 249 3176 Heyler
267 3126 282 3161 ε
300 3111 451 3162 Sozomeno
469 3109 572 3160 addidit
589 3107 672 3175 vulgo
690 3109 802 3162 omissa.
824 3110 921 3178 Itaque
932 3114 994 3164 Pet.
1013 3120 1097 3166 antea

83 3182 129 3241 τίς
146 3174 201 3247 γάρ
219 3194 269 3245 pro
287 3170 342 3243 τὴν
360 3171 397 3242 γά
433 3176 602 3228 scribendum
619 3182 647 3226 et
664 3176 819 3256 εδᾱευᾶμυι
835 3179 951 3230 verbum
968 3172 1097 3244 ἐλπίζειν

84 3249 201 3301 censuit.
270 3235 347 3304 δός
364 3244 389 3294 V
418 3245 492 3322 εείῳι
509 3243 544 3295 ad
561 3242 786 3312 Sozomenum]o
855 3241 921 3298 902
939 3239 1030 3313 μόνον
1048 3247 1096 3299 So-

83 3313 224 3380 zomenus]
244 3304 350 3379 σεμνὸν
406 3314 438 3363 10
455 3326 519 3363 οσοι
537 3310 575 3377 Η]
597 3308 625 3364 οἳ
680 3317 712 3366 18
729 3309 934 3382 προσέργτιντο
951 3311 991 3381 Η]
1010 3330 1096 3379 προσ·

85 3380 208 3450 έχοιντο.
244 3380 287 3436 Of.
305 3379 391 3432 288A
409 3385 438 3430 et
454 3378 539 3431 3000
591 3382 623 3432 15
645 3378 703 3434 τῶν
720 3382 852 3450 γαμετῶν
870 3378 910 3448 Η]
933 3379 990 3433 τάν
1010 3383 1097 3434 Γαλι-

84 3452 174 3504 λαίων
192 3444 324 3516 γαμετῶν
364 3449 396 3499 17
414 3440 508 3514 ἱερέας
525 3447 628 3512 Heyler
660 3451 700 3509 520
718 3457 746 3502 et
764 3453 795 3502 λλ
815 3447 985 3514 ξενυδωιεία
1001 3448 1096 3518 HrehJ

86 3519 258 3584 ξενοδοχεῖα
325 3517 359 3566 24
377 3506 506 3581 ἐνδεηθῇ
525 3513 562 3581 Η]
583 3513 679 3583 δεηθῇ
1000 3540 1002 3545 <
