<?xml version="1.0" encoding="UTF-8"?>
<!DOCTYPE html PUBLIC "-//W3C//DTD XHTML 1.0 Transitional//EN"
    "http://www.w3.org/TR/xhtml1/DTD/xhtml1-transitional.dtd">
<html xmlns="http://www.w3.org/1999/xhtml" xml:lang="en" lang="en">
 <head>
  <title>
</title>
<meta http-equiv="Content-Type" content="text/html;charset=utf-8" />
  <meta name='ocr-system' content='tesseract 3.04.00' />
  <meta name='ocr-capabilities' content='ocr_page ocr_carea ocr_par ocr_line ocrx_word'/>
</head>
<body>
  <div class='ocr_page' id='page_1' title='image "./iulianiimperato00juligoog_0569.png"; bbox 0 0 2392 3960; ppageno 0'>
   <div class='ocr_carea' id='block_1_1' title="bbox 471 165 1099 230">
    <p class='ocr_par' dir='ltr' id='par_1_1' title="bbox 471 165 1099 230">
     <span class='ocr_line' id='line_1_1' title="bbox 471 165 1099 230; baseline 0.002 -15"><span class='ocrx_word' id='word_1_1' title='bbox 471 165 652 217; x_wconf 70' lang='grc' dir='ltr'><strong><em>οειεόοει</em></strong></span> <span class='ocrx_word' id='word_1_2' title='bbox 671 168 713 216; x_wconf 77' lang='grc' dir='ltr'><strong><em>τι.</em></strong></span> <span class='ocrx_word' id='word_1_3' title='bbox 1037 166 1099 230; x_wconf 77' lang='lat'><strong><em>557</em></strong></span> 
     </span>
    </p>
   </div>
   <div class='ocr_carea' id='block_1_2' title="bbox 36 297 1156 3042">
    <p class='ocr_par' dir='ltr' id='par_1_2' title="bbox 36 297 1156 3042">
     <span class='ocr_line' id='line_1_2' title="bbox 82 297 1100 388; baseline -0.003 -18"><span class='ocrx_word' id='word_1_4' title='bbox 82 300 250 388; x_wconf 75' lang='grc' dir='ltr'><strong><em>θεοσεβὴς</em></strong></span> <span class='ocrx_word' id='word_1_5' title='bbox 270 298 483 386; x_wconf 77' lang='grc' dir='ltr'><strong><em>Ἀλέξανδρος</em></strong></span> <span class='ocrx_word' id='word_1_6' title='bbox 507 298 524 369; x_wconf 85' lang='grc' dir='ltr'>ὁ</span> <span class='ocrx_word' id='word_1_7' title='bbox 548 299 733 385; x_wconf 77' lang='grc' dir='ltr'><strong><em>Μακεδών,</em></strong></span> <span class='ocrx_word' id='word_1_8' title='bbox 763 297 836 368; x_wconf 79' lang='grc' dir='ltr'><strong><em>οὔτι</em></strong></span> <span class='ocrx_word' id='word_1_9' title='bbox 859 299 904 388; x_wconf 86' lang='grc' dir='ltr'><strong><em>μδι</em></strong></span> <span class='ocrx_word' id='word_1_10' title='bbox 929 308 995 367; x_wconf 81' lang='grc' dir='ltr'><strong><em>Δία</em></strong></span> <span class='ocrx_word' id='word_1_11' title='bbox 1018 301 1100 367; x_wconf 89' lang='grc' dir='ltr'><strong><em>κατά</em></strong></span> 
     </span>
     <span class='ocr_line' id='line_1_3' title="bbox 83 402 1100 498; baseline -0.003 -23"><span class='ocrx_word' id='word_1_12' title='bbox 83 435 163 475; x_wconf 91' lang='grc' dir='ltr'><strong><em>τινα</em></strong></span> <span class='ocrx_word' id='word_1_13' title='bbox 190 407 319 475; x_wconf 82' lang='grc' dir='ltr'><strong><em>τούτων</em></strong></span> <span class='ocrx_word' id='word_1_14' title='bbox 347 402 396 473; x_wconf 73' lang='grc' dir='ltr'><strong><em>οδν</em></strong></span> <span class='ocrx_word' id='word_1_15' title='bbox 425 404 504 473; x_wconf 76' lang='grc' dir='ltr'><strong><em>οὐδὲ</em></strong></span> <span class='ocrx_word' id='word_1_16' title='bbox 531 405 613 473; x_wconf 84' lang='grc' dir='ltr'><strong><em>κατα</em></strong></span> <span class='ocrx_word' id='word_1_17' title='bbox 640 405 767 486; x_wconf 96' lang='grc' dir='ltr'><strong><em>πάντας</em></strong></span> <span class='ocrx_word' id='word_1_18' title='bbox 784 406 960 494; x_wconf 82' lang='grc' dir='ltr'><strong><em>Ἑβραίους</em></strong></span> <span class='ocrx_word' id='word_1_19' title='bbox 986 408 1100 498; x_wconf 75' lang='grc' dir='ltr'><strong><em>μακρῷ</em></strong></span> 
     </span>
     <span class='ocr_line' id='line_1_4' title="bbox 83 505 1100 608; baseline -0.002 -27"><span class='ocrx_word' id='word_1_20' title='bbox 83 512 268 600; x_wconf 78' lang='grc' dir='ltr'><strong><em>γεγονότας</em></strong></span> <span class='ocrx_word' id='word_1_21' title='bbox 300 509 412 579; x_wconf 74' lang='grc' dir='ltr'><strong><em>αὐτῶν</em></strong></span> <span class='ocrx_word' id='word_1_22' title='bbox 442 517 642 608; x_wconf 82' lang='grc' dir='ltr'><strong><em>κρείττονας.</em></strong></span> <span class='ocrx_word' id='word_1_23' title='bbox 687 515 825 581; x_wconf 81' lang='grc' dir='ltr'><strong><em>ἐκείνων</em></strong></span> <span class='ocrx_word' id='word_1_24' title='bbox 856 514 918 602; x_wconf 72' lang='grc' dir='ltr'><strong><em>μὶν</em></strong></span> <span class='ocrx_word' id='word_1_25' title='bbox 951 505 1014 581; x_wconf 82' lang='grc' dir='ltr'><strong><em>οὖν</em></strong></span> <span class='ocrx_word' id='word_1_26' title='bbox 1045 513 1100 580; x_wconf 86' lang='grc' dir='ltr'><strong><em>καὶ</em></strong></span> 
     </span>
     <span class='ocr_line' id='line_1_5' title="bbox 84 610 1102 706; baseline -0.002 -18"><span class='ocrx_word' id='word_1_27' title='bbox 84 619 104 688; x_wconf 89' lang='grc' dir='ltr'>ὁ</span> <span class='ocrx_word' id='word_1_28' title='bbox 141 623 202 686; x_wconf 85' lang='grc' dir='ltr'><strong><em>τοῦ</em></strong></span> <span class='ocrx_word' id='word_1_29' title='bbox 229 617 347 704; x_wconf 87' lang='grc' dir='ltr'><strong><em>Λάγον</em></strong></span> <span class='ocrx_word' id='word_1_30' title='bbox 379 626 586 706; x_wconf 81' lang='grc' dir='ltr'><strong><em>Πτολεμαῖος</em></strong></span> <span class='ocrx_word' id='word_1_31' title='bbox 616 610 660 704; x_wconf 79' lang='grc' dir='ltr'><strong><em>ἦν</em></strong></span> <span class='ocrx_word' id='word_1_32' title='bbox 691 615 854 706; x_wconf 81' lang='grc' dir='ltr'><strong><em>ἀμείνων,</em></strong></span> <span class='ocrx_word' id='word_1_33' title='bbox 887 619 1102 706; x_wconf 80' lang='grc' dir='ltr'><strong><em>Ἀλέξανδρος</em></strong></span> 
     </span>
     <span class='ocr_line' id='line_1_6' title="bbox 53 722 1105 813; baseline -0.002 -19"><span class='ocrx_word' id='word_1_34' title='bbox 53 727 125 794; x_wconf 73' lang='grc' dir='ltr'><strong><em>εδδ</em></strong></span> <span class='ocrx_word' id='word_1_35' title='bbox 148 722 213 793; x_wconf 85' lang='grc' dir='ltr'><strong><em>κάν</em></strong></span> <span class='ocrx_word' id='word_1_36' title='bbox 232 723 406 811; x_wconf 87' lang='grc' dir='ltr'><strong><em>Ῥωμαίοις</em></strong></span> <span class='ocrx_word' id='word_1_37' title='bbox 429 730 476 804; x_wconf 87' lang='grc' dir='ltr'><strong><em>είς</em></strong></span> <span class='ocrx_word' id='word_1_38' title='bbox 498 723 642 812; x_wconf 74' lang='grc' dir='ltr'><strong><em>ἅμιλλαν</em></strong></span> <span class='ocrx_word' id='word_1_39' title='bbox 669 724 732 793; x_wconf 82' lang='grc' dir='ltr'><strong><em>ίών</em></strong></span> <span class='ocrx_word' id='word_1_40' title='bbox 754 722 870 810; x_wconf 81' lang='grc' dir='ltr'><strong><em>άγῶνα</em></strong></span> <span class='ocrx_word' id='word_1_41' title='bbox 891 740 1035 813; x_wconf 83' lang='grc' dir='ltr'><strong><em>παρεῖχε.</em></strong></span> <span class='ocrx_word' id='word_1_42' title='bbox 1069 731 1105 793; x_wconf 86' lang='grc' dir='ltr'><strong><em>τί</em></strong></span> 
     </span>
     <span class='ocr_line' id='line_1_7' title="bbox 84 825 1144 919; baseline 0 -20"><span class='ocrx_word' id='word_1_43' title='bbox 84 825 151 900; x_wconf 83' lang='grc' dir='ltr'><strong><em>οὖν</em></strong></span> <span class='ocrx_word' id='word_1_44' title='bbox 173 831 253 918; x_wconf 85' lang='grc' dir='ltr'><strong><em>μετὰ</em></strong></span> <span class='ocrx_word' id='word_1_45' title='bbox 275 829 335 898; x_wconf 86' lang='grc' dir='ltr'><strong><em>τὸν</em></strong></span> <span class='ocrx_word' id='word_1_46' title='bbox 359 836 495 917; x_wconf 81' lang='grc' dir='ltr'><strong><em>κτίστην</em></strong></span> <span class='ocrx_word' id='word_1_47' title='bbox 518 835 554 898; x_wconf 92' lang='grc' dir='ltr'><strong><em>οί</em></strong></span> <span class='ocrx_word' id='word_1_48' title='bbox 565 838 778 917; x_wconf 78' lang='grc' dir='ltr'><strong><em>Πτολεμαῖοι,</em></strong></span> <span class='ocrx_word' id='word_1_49' title='bbox 801 830 863 918; x_wconf 79' lang='grc' dir='ltr'><strong><em>τὴν</em></strong></span> <span class='ocrx_word' id='word_1_50' title='bbox 886 831 987 900; x_wconf 88' lang='grc' dir='ltr'><strong><em>πόλιν</em></strong></span> <span class='ocrx_word' id='word_1_51' title='bbox 1004 830 1102 919; x_wconf 77' lang='grc' dir='ltr'><strong><em>ὑμῶν</em></strong></span> <span class='ocrx_word' id='word_1_52' title='bbox 1120 846 1144 899; x_wconf 85' lang='grc' dir='ltr'><strong><em>Ι)</em></strong></span> 
     </span>
     <span class='ocr_line' id='line_1_8' title="bbox 83 935 1102 1025; baseline 0 -20"><span class='ocrx_word' id='word_1_53' title='bbox 83 936 198 1024; x_wconf 78' lang='grc' dir='ltr'><strong><em>ὥσπερ</em></strong></span> <span class='ocrx_word' id='word_1_54' title='bbox 221 944 364 1025; x_wconf 77' lang='grc' dir='ltr'><strong><em>γνησίαν</em></strong></span> <span class='ocrx_word' id='word_1_55' title='bbox 385 938 555 1024; x_wconf 80' lang='grc' dir='ltr'><strong><em>θυγατέρα</em></strong></span> <span class='ocrx_word' id='word_1_56' title='bbox 573 936 917 1024; x_wconf 83' lang='grc' dir='ltr'><strong><em>παιδοτροφήσαντες;</em></strong></span> <span class='ocrx_word' id='word_1_57' title='bbox 941 935 1013 1005; x_wconf 79' lang='grc' dir='ltr'><strong><em>οὔτι</em></strong></span> <span class='ocrx_word' id='word_1_58' title='bbox 1032 951 1102 1016; x_wconf 82' lang='grc' dir='ltr'><strong><em>τοῖς</em></strong></span> 
     </span>
     <span class='ocr_line' id='line_1_9' title="bbox 81 1040 1102 1132; baseline -0.001 -21"><span class='ocrx_word' id='word_1_59' title='bbox 81 1041 198 1130; x_wconf 82' lang='grc' dir='ltr'><strong><em>Ἰησοῦ</em></strong></span> <span class='ocrx_word' id='word_1_60' title='bbox 221 1043 334 1129; x_wconf 83' lang='grc' dir='ltr'><strong><em>λόγοις</em></strong></span> <span class='ocrx_word' id='word_1_61' title='bbox 356 1041 506 1129; x_wconf 76' lang='grc' dir='ltr'><strong><em>ηὔξησαν</em></strong></span> <span class='ocrx_word' id='word_1_62' title='bbox 529 1040 651 1130; x_wconf 83' lang='grc' dir='ltr'><strong><em>αὐτην,</em></strong></span> <span class='ocrx_word' id='word_1_63' title='bbox 681 1040 761 1111; x_wconf 73' lang='grc' dir='ltr'><strong><em>οὗδδ</em></strong></span> <span class='ocrx_word' id='word_1_64' title='bbox 784 1070 826 1132; x_wconf 87' lang='grc' dir='ltr'><strong><em>τη</em></strong></span> <span class='ocrx_word' id='word_1_65' title='bbox 845 1047 914 1111; x_wconf 76' lang='grc' dir='ltr'><strong><em>τόν</em></strong></span> <span class='ocrx_word' id='word_1_66' title='bbox 936 1045 1102 1130; x_wconf 82' lang='grc' dir='ltr'><strong><em>ἐχθίστων</em></strong></span> 
     </span>
     <span class='ocr_line' id='line_1_10' title="bbox 44 1141 1101 1239; baseline -0.002 -21"><span class='ocrx_word' id='word_1_67' title='bbox 44 1141 48 1144; x_wconf 38' lang='grc'><strong>’</strong></span> <span class='ocrx_word' id='word_1_68' title='bbox 86 1157 279 1218; x_wconf 88' lang='grc' dir='ltr'><strong><em>Γαλιλαίων</em></strong></span> <span class='ocrx_word' id='word_1_69' title='bbox 311 1154 510 1236; x_wconf 80' lang='grc' dir='ltr'><strong><em>διδασκαλίᾳ</em></strong></span> <span class='ocrx_word' id='word_1_70' title='bbox 541 1148 604 1236; x_wconf 79' lang='grc' dir='ltr'><strong><em>τὴν</em></strong></span> <span class='ocrx_word' id='word_1_71' title='bbox 631 1155 827 1236; x_wconf 77' lang='grc' dir='ltr'><strong><em>οἰκονομίαν</em></strong></span> <span class='ocrx_word' id='word_1_72' title='bbox 855 1147 938 1239; x_wconf 77' lang='grc' dir='ltr'><strong><em>αὐτῇ</em></strong></span> <span class='ocrx_word' id='word_1_73' title='bbox 965 1148 1101 1235; x_wconf 77' lang='grc' dir='ltr'><strong><em>ταύτην,</em></strong></span> 
     </span>
     <span class='ocr_line' id='line_1_11' title="bbox 36 1248 1101 1343; baseline 0.002 -22"><span class='ocrx_word' id='word_1_74' title='bbox 36 1281 71 1323; x_wconf 84' lang='grc' dir='ltr'><strong><em>ιο</em></strong></span> <span class='ocrx_word' id='word_1_75' title='bbox 87 1255 150 1342; x_wconf 80' lang='grc' dir='ltr'><strong><em>ὑφ’</em></strong></span> <span class='ocrx_word' id='word_1_76' title='bbox 181 1248 220 1342; x_wconf 78' lang='grc' dir='ltr'><strong><em>ἧς</em></strong></span> <span class='ocrx_word' id='word_1_77' title='bbox 251 1260 317 1324; x_wconf 82' lang='grc' dir='ltr'><strong><em>νῦν</em></strong></span> <span class='ocrx_word' id='word_1_78' title='bbox 347 1256 438 1323; x_wconf 80' lang='grc' dir='ltr'><strong><em>ἐστιν</em></strong></span> <span class='ocrx_word' id='word_1_79' title='bbox 465 1252 649 1341; x_wconf 79' lang='grc' dir='ltr'><strong><em>εὐδαίμων,</em></strong></span> <span class='ocrx_word' id='word_1_80' title='bbox 686 1255 928 1342; x_wconf 88' lang='grc' dir='ltr'><strong><em>ἐξειργάσαντο.</em></strong></span> <span class='ocrx_word' id='word_1_81' title='bbox 976 1262 1101 1343; x_wconf 86' lang='grc' dir='ltr'><strong><em>τρίτον,</em></strong></span> 
     </span>
     <span class='ocr_line' id='line_1_12' title="bbox 86 1358 1101 1453; baseline -0.003 -22"><span class='ocrx_word' id='word_1_82' title='bbox 86 1360 201 1449; x_wconf 78' lang='grc' dir='ltr'><strong><em>ἐπειδὴ</em></strong></span> <span class='ocrx_word' id='word_1_83' title='bbox 220 1359 375 1453; x_wconf 80' lang='grc' dir='ltr'><strong><em>Ῥωμαῖοι</em></strong></span> <span class='ocrx_word' id='word_1_84' title='bbox 404 1361 515 1449; x_wconf 85' lang='grc' dir='ltr'><strong><em>κύριοι</em></strong></span> <span class='ocrx_word' id='word_1_85' title='bbox 542 1359 728 1448; x_wconf 84' lang='grc' dir='ltr'><strong><em>γεγόναμεν</em></strong></span> <span class='ocrx_word' id='word_1_86' title='bbox 751 1358 868 1447; x_wconf 78' lang='grc' dir='ltr'><strong><em>αὐτῆς,</em></strong></span> <span class='ocrx_word' id='word_1_87' title='bbox 899 1359 1101 1450; x_wconf 79' lang='grc' dir='ltr'><strong><em>ἀφελόμενοι</em></strong></span> 
     </span>
     <span class='ocr_line' id='line_1_13' title="bbox 85 1464 1103 1555; baseline 0.001 -19"><span class='ocrx_word' id='word_1_88' title='bbox 85 1468 167 1546; x_wconf 86' lang='grc' dir='ltr'><strong><em>τοὺς</em></strong></span> <span class='ocrx_word' id='word_1_89' title='bbox 198 1474 428 1554; x_wconf 88' lang='grc' dir='ltr'><strong><em>Πτολεμαίους</em></strong></span> <span class='ocrx_word' id='word_1_90' title='bbox 459 1464 500 1534; x_wconf 81' lang='grc' dir='ltr'><strong><em>οὐ</em></strong></span> <span class='ocrx_word' id='word_1_91' title='bbox 531 1471 639 1546; x_wconf 78' lang='grc' dir='ltr'><strong><em>καλῶς</em></strong></span> <span class='ocrx_word' id='word_1_92' title='bbox 670 1466 848 1555; x_wconf 82' lang='grc' dir='ltr'><strong><em>άρχοντας,</em></strong></span> <span class='ocrx_word' id='word_1_93' title='bbox 884 1466 902 1536; x_wconf 88' lang='grc' dir='ltr'><strong><em>δ</em></strong></span> <span class='ocrx_word' id='word_1_94' title='bbox 932 1469 1103 1555; x_wconf 83' lang='grc' dir='ltr'><strong><em>Σεβαστὸς</em></strong></span> 
     </span>
     <span class='ocr_line' id='line_1_14' title="bbox 87 1570 1142 1662; baseline 0.005 -21"><span class='ocrx_word' id='word_1_95' title='bbox 87 1572 294 1660; x_wconf 79' lang='grc' dir='ltr'><strong><em>ἐπιδημήσας</em></strong></span> <span class='ocrx_word' id='word_1_96' title='bbox 325 1570 420 1659; x_wconf 75' lang='grc' dir='ltr'><strong><em>ὑμῶν</em></strong></span> <span class='ocrx_word' id='word_1_97' title='bbox 446 1577 486 1661; x_wconf 75' lang='grc' dir='ltr'><strong><em>τῇ</em></strong></span> <span class='ocrx_word' id='word_1_98' title='bbox 514 1573 608 1641; x_wconf 88' lang='grc' dir='ltr'><strong><em>πόλει</em></strong></span> <span class='ocrx_word' id='word_1_99' title='bbox 635 1574 690 1640; x_wconf 81' lang='grc' dir='ltr'><strong><em>καὶ</em></strong></span> <span class='ocrx_word' id='word_1_100' title='bbox 718 1573 801 1662; x_wconf 88' lang='grc' dir='ltr'><strong><em>πρὸς</em></strong></span> <span class='ocrx_word' id='word_1_101' title='bbox 827 1572 907 1654; x_wconf 84' lang='grc' dir='ltr'><strong><em>τοὺς</em></strong></span> <span class='ocrx_word' id='word_1_102' title='bbox 924 1572 1103 1662; x_wconf 81' lang='grc' dir='ltr'><strong><em>ὑμετέρους</em></strong></span> <span class='ocrx_word' id='word_1_103' title='bbox 1116 1607 1142 1647; x_wconf 78' lang='grc' dir='ltr'><strong><em>σε</em></strong></span> 
     </span>
     <span class='ocr_line' id='line_1_15' title="bbox 87 1677 1156 1768; baseline 0.001 -21"><span class='ocrx_word' id='word_1_104' title='bbox 87 1686 225 1758; x_wconf 82' lang='grc' dir='ltr'><strong><em>πολίτας</em></strong></span> <span class='ocrx_word' id='word_1_105' title='bbox 244 1679 433 1765; x_wconf 77' lang='grc' dir='ltr'><strong><em>διαλεχθεὶς</em></strong></span> <span class='ocrx_word' id='word_1_106' title='bbox 456 1677 628 1766; x_wconf 68' lang='grc' dir='ltr'><strong><em>,ξἈνδρες,</em></strong></span> <span class='ocrx_word' id='word_1_107' title='bbox 651 1678 757 1765; x_wconf 82' lang='grc' dir='ltr'><strong><em>εἶπεν,</em></strong></span> <span class='ocrx_word' id='word_1_108' title='bbox 777 1679 1017 1766; x_wconf 80' lang='grc' dir='ltr'><strong><em>Ἀλεξανδρεῖς,</em></strong></span> <span class='ocrx_word' id='word_1_109' title='bbox 1040 1679 1156 1768; x_wconf 74' lang='grc' dir='ltr'><strong><em>ὅτῳ-434</em></strong></span> 
     </span>
     <span class='ocr_line' id='line_1_16' title="bbox 36 1785 1104 1873; baseline 0.001 -20"><span class='ocrx_word' id='word_1_110' title='bbox 36 1820 71 1861; x_wconf 82' lang='lat'><strong><em>15</em></strong></span> <span class='ocrx_word' id='word_1_111' title='bbox 88 1791 161 1872; x_wconf 89' lang='grc' dir='ltr'><strong><em>ίημι</em></strong></span> <span class='ocrx_word' id='word_1_112' title='bbox 188 1785 249 1872; x_wconf 83' lang='grc' dir='ltr'><strong><em>την</em></strong></span> <span class='ocrx_word' id='word_1_113' title='bbox 272 1785 371 1852; x_wconf 89' lang='grc' dir='ltr'><strong><em>πόλιν</em></strong></span> <span class='ocrx_word' id='word_1_114' title='bbox 394 1789 500 1864; x_wconf 80' lang='grc' dir='ltr'><strong><em>αἰτίας</em></strong></span> <span class='ocrx_word' id='word_1_115' title='bbox 523 1787 631 1871; x_wconf 88' lang='grc' dir='ltr'><strong><em>πάσης</em></strong></span> <span class='ocrx_word' id='word_1_116' title='bbox 653 1789 747 1853; x_wconf 87' lang='grc' dir='ltr'><strong><em>αίδοῐ</em></strong></span> <span class='ocrx_word' id='word_1_117' title='bbox 766 1789 827 1853; x_wconf 80' lang='grc' dir='ltr'><strong><em>τοῦ</em></strong></span> <span class='ocrx_word' id='word_1_118' title='bbox 849 1785 995 1873; x_wconf 83' lang='grc' dir='ltr'><strong><em>μεγάλου</em></strong></span> <span class='ocrx_word' id='word_1_119' title='bbox 1017 1791 1104 1855; x_wconf 71' lang='grc' dir='ltr'><strong><em>θεοῦ</em></strong></span> 
     </span>
     <span class='ocr_line' id='line_1_17' title="bbox 88 1888 1103 1980; baseline 0.002 -22"><span class='ocrx_word' id='word_1_120' title='bbox 88 1891 285 1977; x_wconf 88' lang='grc' dir='ltr'><strong><em>Σαράπιδος</em></strong></span> <span class='ocrx_word' id='word_1_121' title='bbox 312 1888 416 1958; x_wconf 80' lang='grc' dir='ltr'><strong><em>αὐτοῦ</em></strong></span> <span class='ocrx_word' id='word_1_122' title='bbox 445 1918 480 1959; x_wconf 89' lang='grc' dir='ltr'><strong><em>τε</em></strong></span> <span class='ocrx_word' id='word_1_123' title='bbox 507 1893 603 1958; x_wconf 81' lang='grc' dir='ltr'><strong><em>ἕνεκα</em></strong></span> <span class='ocrx_word' id='word_1_124' title='bbox 630 1894 692 1958; x_wconf 79' lang='grc' dir='ltr'><strong><em>τοῦ</em></strong></span> <span class='ocrx_word' id='word_1_125' title='bbox 719 1890 829 1978; x_wconf 80' lang='grc' dir='ltr'><strong><em>δήμου</em></strong></span> <span class='ocrx_word' id='word_1_126' title='bbox 851 1892 907 1958; x_wconf 82' lang='grc' dir='ltr'><strong><em>καὶ</em></strong></span> <span class='ocrx_word' id='word_1_127' title='bbox 929 1895 991 1959; x_wconf 79' lang='grc' dir='ltr'><strong><em>τοῦ</em></strong></span> <span class='ocrx_word' id='word_1_128' title='bbox 1013 1894 1103 1980; x_wconf 83' lang='grc' dir='ltr'><strong><em>μεγί-</em></strong></span> 
     </span>
     <span class='ocr_line' id='line_1_18' title="bbox 86 1994 1105 2085; baseline -0.001 -20"><span class='ocrx_word' id='word_1_129' title='bbox 86 2007 175 2076; x_wconf 79' lang='grc' dir='ltr'><strong><em>θους</em></strong></span> <span class='ocrx_word' id='word_1_130' title='bbox 206 2001 264 2085; x_wconf 80' lang='grc' dir='ltr'><strong><em>της</em></strong></span> <span class='ocrx_word' id='word_1_131' title='bbox 294 1997 436 2076; x_wconf 89' lang='grc' dir='ltr'><strong><em>πόλεως·</em></strong></span> <span class='ocrx_word' id='word_1_132' title='bbox 473 2002 562 2065; x_wconf 80' lang='grc' dir='ltr'><strong><em>αἰτία</em></strong></span> <span class='ocrx_word' id='word_1_133' title='bbox 595 2000 635 2065; x_wconf 83' lang='grc' dir='ltr'><strong><em>δέ</em></strong></span> <span class='ocrx_word' id='word_1_134' title='bbox 660 2024 719 2082; x_wconf 91' lang='grc' dir='ltr'><strong><em>μοι</em></strong></span> <span class='ocrx_word' id='word_1_135' title='bbox 744 2001 837 2084; x_wconf 91' lang='grc' dir='ltr'><strong><em>τρίτη</em></strong></span> <span class='ocrx_word' id='word_1_136' title='bbox 864 1999 922 2082; x_wconf 77' lang='grc' dir='ltr'><strong><em>τῆς</em></strong></span> <span class='ocrx_word' id='word_1_137' title='bbox 949 2001 996 2075; x_wconf 88' lang='grc' dir='ltr'><strong><em>είς</em></strong></span> <span class='ocrx_word' id='word_1_138' title='bbox 1017 1994 1105 2084; x_wconf 79' lang='grc' dir='ltr'><strong><em>ὑμᾶς</em></strong></span> 
     </span>
     <span class='ocr_line' id='line_1_19' title="bbox 87 2094 1105 2191; baseline 0.002 -21"><span class='ocrx_word' id='word_1_139' title='bbox 87 2100 224 2183; x_wconf 83' lang='grc' dir='ltr'><strong><em>εὐνοίας</em></strong></span> <span class='ocrx_word' id='word_1_140' title='bbox 252 2105 320 2172; x_wconf 82' lang='grc' dir='ltr'><strong><em>ἐστὶ</em></strong></span> <span class='ocrx_word' id='word_1_141' title='bbox 343 2101 440 2172; x_wconf 83' lang='grc' dir='ltr'><strong><em>καὶὸ</em></strong></span> <span class='ocrx_word' id='word_1_142' title='bbox 466 2104 595 2191; x_wconf 80' lang='grc' dir='ltr'><strong><em>ἑταῖρος</em></strong></span> <span class='ocrx_word' id='word_1_143' title='bbox 607 2101 769 2191; x_wconf 79' lang='grc' dir='ltr'><strong><em>’Ἀρειος.“</em></strong></span> <span class='ocrx_word' id='word_1_144' title='bbox 814 2094 857 2188; x_wconf 79' lang='grc' dir='ltr'><strong><em>ἦν</em></strong></span> <span class='ocrx_word' id='word_1_145' title='bbox 882 2101 918 2169; x_wconf 76' lang='grc' dir='ltr'><strong><em>δὲ</em></strong></span> <span class='ocrx_word' id='word_1_146' title='bbox 942 2099 1105 2190; x_wconf 83' lang='grc' dir='ltr'><strong><em>δ”Αρειος</em></strong></span> 
     </span>
     <span class='ocr_line' id='line_1_20' title="bbox 89 2201 1103 2298; baseline -0.001 -20"><span class='ocrx_word' id='word_1_147' title='bbox 89 2201 190 2288; x_wconf 84' lang='grc' dir='ltr'><strong><em>οὗτος</em></strong></span> <span class='ocrx_word' id='word_1_148' title='bbox 221 2216 356 2296; x_wconf 91' lang='grc' dir='ltr'><strong><em>πολίτης</em></strong></span> <span class='ocrx_word' id='word_1_149' title='bbox 387 2210 449 2296; x_wconf 74' lang='grc' dir='ltr'><strong><em>μὲν</em></strong></span> <span class='ocrx_word' id='word_1_150' title='bbox 477 2209 649 2298; x_wconf 81' lang='grc' dir='ltr'><strong><em>ὑμέτερος,</em></strong></span> <span class='ocrx_word' id='word_1_151' title='bbox 691 2215 862 2295; x_wconf 87' lang='grc' dir='ltr'><strong><em>Καίσαρος</em></strong></span> <span class='ocrx_word' id='word_1_152' title='bbox 889 2208 926 2277; x_wconf 70' lang='grc' dir='ltr'><strong><em>δὲ</em></strong></span> <span class='ocrx_word' id='word_1_153' title='bbox 953 2212 1015 2278; x_wconf 83' lang='grc' dir='ltr'><strong><em>τοῦ</em></strong></span> <span class='ocrx_word' id='word_1_154' title='bbox 1042 2217 1103 2277; x_wconf 90' lang='grc' dir='ltr'><strong><em>Σε-</em></strong></span> 
     </span>
     <span class='ocr_line' id='line_1_21' title="bbox 48 2306 1113 2403; baseline 0.001 -21"><span class='ocrx_word' id='word_1_155' title='bbox 48 2352 77 2391; x_wconf 80' lang='lat'><strong><em>20</em></strong></span> <span class='ocrx_word' id='word_1_156' title='bbox 92 2320 221 2403; x_wconf 78' lang='grc' dir='ltr'><strong><em>βαστοῦ</em></strong></span> <span class='ocrx_word' id='word_1_157' title='bbox 245 2316 449 2403; x_wconf 83' lang='grc' dir='ltr'><strong><em>συμβιωτης,</em></strong></span> <span class='ocrx_word' id='word_1_158' title='bbox 473 2313 559 2402; x_wconf 78' lang='grc' dir='ltr'><strong><em>ἀνὴρ</em></strong></span> <span class='ocrx_word' id='word_1_159' title='bbox 582 2314 777 2402; x_wconf 81' lang='grc' dir='ltr'><strong><em>φιλόσοφος.</em></strong></span> <span class='ocrx_word' id='word_1_160' title='bbox 1110 2306 1113 2310; x_wconf 35' lang='lat'><strong><em>⁴</em></strong></span> 
     </span>
     <span class='ocr_line' id='line_1_22' title="bbox 183 2415 1145 2510; baseline -0.003 -21"><span class='ocrx_word' id='word_1_161' title='bbox 183 2422 231 2489; x_wconf 84' lang='grc' dir='ltr'><strong><em>Τά</em></strong></span> <span class='ocrx_word' id='word_1_162' title='bbox 251 2424 313 2509; x_wconf 76' lang='grc' dir='ltr'><strong><em>μὲν</em></strong></span> <span class='ocrx_word' id='word_1_163' title='bbox 332 2415 395 2490; x_wconf 82' lang='grc' dir='ltr'><strong><em>οὖν</em></strong></span> <span class='ocrx_word' id='word_1_164' title='bbox 419 2427 489 2510; x_wconf 84' lang='grc' dir='ltr'><strong><em>ίδίηι</em></strong></span> <span class='ocrx_word' id='word_1_165' title='bbox 507 2422 582 2508; x_wconf 82' lang='grc' dir='ltr'><strong><em>περὶ</em></strong></span> <span class='ocrx_word' id='word_1_166' title='bbox 600 2421 663 2507; x_wconf 82' lang='grc' dir='ltr'><strong><em>τὴν</em></strong></span> <span class='ocrx_word' id='word_1_167' title='bbox 681 2421 781 2490; x_wconf 88' lang='grc' dir='ltr'><strong><em>πόλιν</em></strong></span> <span class='ocrx_word' id='word_1_168' title='bbox 799 2419 895 2508; x_wconf 72' lang='grc' dir='ltr'><strong><em>ὑμῶν</em></strong></span> <span class='ocrx_word' id='word_1_169' title='bbox 912 2419 1105 2509; x_wconf 79' lang='grc' dir='ltr'><strong><em>ὑπάρξαντα</em></strong></span> <span class='ocrx_word' id='word_1_170' title='bbox 1124 2433 1145 2486; x_wconf 91' lang='grc' dir='ltr'><strong>Β</strong></span> 
     </span>
     <span class='ocr_line' id='line_1_23' title="bbox 90 2525 1105 2617; baseline -0.001 -19"><span class='ocrx_word' id='word_1_171' title='bbox 90 2529 181 2617; x_wconf 79' lang='grc' dir='ltr'><strong><em>παρὰ</em></strong></span> <span class='ocrx_word' id='word_1_172' title='bbox 213 2532 281 2597; x_wconf 74' lang='grc' dir='ltr'><strong><em>τῶν</em></strong></span> <span class='ocrx_word' id='word_1_173' title='bbox 312 2525 499 2617; x_wconf 85' lang='grc' dir='ltr'><strong><em>Ὀλυμπίων</em></strong></span> <span class='ocrx_word' id='word_1_174' title='bbox 530 2531 638 2617; x_wconf 79' lang='grc' dir='ltr'><strong><em>θεῶν,</em></strong></span> <span class='ocrx_word' id='word_1_175' title='bbox 674 2526 720 2606; x_wconf 78' lang='grc' dir='ltr'><strong><em>ὡς</em></strong></span> <span class='ocrx_word' id='word_1_176' title='bbox 751 2530 789 2595; x_wconf 95' lang='grc' dir='ltr'><strong><em>ἐν</em></strong></span> <span class='ocrx_word' id='word_1_177' title='bbox 820 2533 938 2616; x_wconf 78' lang='grc' dir='ltr'><strong><em>βραχεῖ</em></strong></span> <span class='ocrx_word' id='word_1_178' title='bbox 967 2528 1105 2616; x_wconf 82' lang='grc' dir='ltr'><strong><em>φράσαι,</em></strong></span> 
     </span>
     <span class='ocr_line' id='line_1_24' title="bbox 88 2633 1106 2723; baseline 0.002 -20"><span class='ocrx_word' id='word_1_179' title='bbox 88 2639 241 2723; x_wconf 74' lang='grc' dir='ltr'><strong><em>τοιαῦτα,</em></strong></span> <span class='ocrx_word' id='word_1_180' title='bbox 274 2640 387 2703; x_wconf 79' lang='grc' dir='ltr'><strong><em>σιωπῶ</em></strong></span> <span class='ocrx_word' id='word_1_181' title='bbox 422 2635 459 2703; x_wconf 77' lang='grc' dir='ltr'><strong><em>δὲ</em></strong></span> <span class='ocrx_word' id='word_1_182' title='bbox 491 2633 548 2701; x_wconf 80' lang='grc' dir='ltr'><strong><em>διὰ</em></strong></span> <span class='ocrx_word' id='word_1_183' title='bbox 577 2633 614 2702; x_wconf 91' lang='grc' dir='ltr'><strong><em>τὸ</em></strong></span> <span class='ocrx_word' id='word_1_184' title='bbox 645 2638 749 2722; x_wconf 81' lang='grc' dir='ltr'><strong><em>μηκος</em></strong></span> <span class='ocrx_word' id='word_1_185' title='bbox 777 2633 818 2702; x_wconf 80' lang='grc' dir='ltr'><strong><em>τὰ</em></strong></span> <span class='ocrx_word' id='word_1_186' title='bbox 847 2635 968 2703; x_wconf 89' lang='grc' dir='ltr'><strong><em>πολλά·</em></strong></span> <span class='ocrx_word' id='word_1_187' title='bbox 1005 2635 1045 2704; x_wconf 83' lang='grc' dir='ltr'><strong><em>τά</em></strong></span> <span class='ocrx_word' id='word_1_188' title='bbox 1069 2638 1106 2705; x_wconf 77' lang='grc' dir='ltr'><strong><em>δὲ</em></strong></span> 
     </span>
     <span class='ocr_line' id='line_1_25' title="bbox 90 2737 1105 2829; baseline 0.001 -19"><span class='ocrx_word' id='word_1_189' title='bbox 90 2746 189 2829; x_wconf 75' lang='grc' dir='ltr'><strong><em>κοινῇ</em></strong></span> <span class='ocrx_word' id='word_1_190' title='bbox 221 2741 300 2809; x_wconf 80' lang='grc' dir='ltr'><strong><em>καθ’</em></strong></span> <span class='ocrx_word' id='word_1_191' title='bbox 326 2740 454 2828; x_wconf 79' lang='grc' dir='ltr'><strong><em>ἡμέραν</em></strong></span> <span class='ocrx_word' id='word_1_192' title='bbox 482 2738 544 2809; x_wconf 77' lang='grc' dir='ltr'><strong><em>οὐκ</em></strong></span> <span class='ocrx_word' id='word_1_193' title='bbox 573 2737 768 2828; x_wconf 75' lang='grc' dir='ltr'><strong><em>ἀνθρώποις</em></strong></span> <span class='ocrx_word' id='word_1_194' title='bbox 794 2739 920 2826; x_wconf 87' lang='grc' dir='ltr'><strong><em>ὀλίγοις</em></strong></span> <span class='ocrx_word' id='word_1_195' title='bbox 948 2739 1028 2811; x_wconf 76' lang='grc' dir='ltr'><strong><em>οὐδὲ</em></strong></span> <span class='ocrx_word' id='word_1_196' title='bbox 1056 2744 1105 2812; x_wconf 87' lang='grc' dir='ltr'><strong><em>ἐνὶ</em></strong></span> 
     </span>
     <span class='ocr_line' id='line_1_26' title="bbox 46 2844 1105 2939; baseline -0.003 -19"><span class='ocrx_word' id='word_1_197' title='bbox 46 2880 75 2922; x_wconf 72' lang='grc' dir='ltr'><strong><em>τε</em></strong></span> <span class='ocrx_word' id='word_1_198' title='bbox 92 2851 182 2935; x_wconf 84' lang='grc' dir='ltr'><strong><em>γένει</em></strong></span> <span class='ocrx_word' id='word_1_199' title='bbox 206 2846 286 2916; x_wconf 77' lang='grc' dir='ltr'><strong><em>οὐδὲ</em></strong></span> <span class='ocrx_word' id='word_1_200' title='bbox 309 2852 369 2937; x_wconf 80' lang='grc' dir='ltr'><strong><em>μιᾷ</em></strong></span> <span class='ocrx_word' id='word_1_201' title='bbox 391 2847 497 2932; x_wconf 90' lang='grc' dir='ltr'><strong><em>πόλει,</em></strong></span> <span class='ocrx_word' id='word_1_202' title='bbox 522 2847 621 2914; x_wconf 82' lang='grc' dir='ltr'><strong><em>παντὶ</em></strong></span> <span class='ocrx_word' id='word_1_203' title='bbox 645 2846 681 2914; x_wconf 74' lang='grc' dir='ltr'><strong><em>δὲ</em></strong></span> <span class='ocrx_word' id='word_1_204' title='bbox 705 2844 791 2934; x_wconf 82' lang='grc' dir='ltr'><strong><em>ὁμοῦ</em></strong></span> <span class='ocrx_word' id='word_1_205' title='bbox 812 2850 858 2939; x_wconf 75' lang='grc' dir='ltr'><strong><em>τῷ</em></strong></span> <span class='ocrx_word' id='word_1_206' title='bbox 881 2846 994 2938; x_wconf 79' lang='grc' dir='ltr'><strong><em>κόσμῳ</em></strong></span> <span class='ocrx_word' id='word_1_207' title='bbox 1017 2849 1105 2936; x_wconf 84' lang='grc' dir='ltr'><strong><em>παρὰ</em></strong></span> 
     </span>
     <span class='ocr_line' id='line_1_27' title="bbox 90 2951 1105 3042; baseline -0.001 -18"><span class='ocrx_word' id='word_1_208' title='bbox 90 2958 160 3024; x_wconf 76' lang='grc' dir='ltr'><strong><em>τῶν</em></strong></span> <span class='ocrx_word' id='word_1_209' title='bbox 192 2958 366 3041; x_wconf 79' lang='grc' dir='ltr'><strong><em>ἐπιφανῶν</em></strong></span> <span class='ocrx_word' id='word_1_210' title='bbox 397 2958 490 3021; x_wconf 76' lang='grc' dir='ltr'><strong><em>θεῶν</em></strong></span> <span class='ocrx_word' id='word_1_211' title='bbox 522 2953 684 3042; x_wconf 88' lang='grc' dir='ltr'><strong><em>διδόμενα</em></strong></span> <span class='ocrx_word' id='word_1_212' title='bbox 713 2957 782 3032; x_wconf 78' lang='grc' dir='ltr'><strong><em>πῶς</em></strong></span> <span class='ocrx_word' id='word_1_213' title='bbox 807 2951 902 3042; x_wconf 81' lang='grc' dir='ltr'><strong><em>δμείς</em></strong></span> <span class='ocrx_word' id='word_1_214' title='bbox 930 2953 991 3024; x_wconf 82' lang='grc' dir='ltr'><strong><em>οὐκ</em></strong></span> <span class='ocrx_word' id='word_1_215' title='bbox 1019 2965 1105 3035; x_wconf 72' lang='grc' dir='ltr'><strong><em>ἴσως</em></strong></span> 
     </span>
    </p>
   </div>
   <div class='ocr_carea' id='block_1_3' title="bbox 91 3169 1107 3586">
    <p class='ocr_par' dir='ltr' id='par_1_3' title="bbox 91 3169 1107 3586">
     <span class='ocr_line' id='line_1_28' title="bbox 161 3169 1106 3259; baseline 0.002 -31"><span class='ocrx_word' id='word_1_216' title='bbox 161 3169 250 3228; x_wconf 72' lang='grc' dir='ltr'><strong><em>ὅκάν</em></strong></span> <span class='ocrx_word' id='word_1_217' title='bbox 269 3178 370 3242; x_wconf 62' lang='lat' dir='ltr'><strong>Hrch„]</strong></span> <span class='ocrx_word' id='word_1_218' title='bbox 384 3175 434 3228; x_wconf 84' lang='grc' dir='ltr'><strong><em>καὶ</em></strong></span> <span class='ocrx_word' id='word_1_219' title='bbox 460 3178 464 3239; x_wconf 96' lang='grc' dir='ltr'>Ι</span> <span class='ocrx_word' id='word_1_220' title='bbox 493 3169 656 3242; x_wconf 81' lang='grc' dir='ltr'><strong><em>είέπςΗ]ὶ</em></strong></span> <span class='ocrx_word' id='word_1_221' title='bbox 682 3178 687 3240; x_wconf 87' lang='grc' dir='ltr'>Ι</span> <span class='ocrx_word' id='word_1_222' title='bbox 713 3180 833 3259; x_wconf 75' lang='grc' dir='ltr'><strong><em>παρεῖχε</em></strong></span> <span class='ocrx_word' id='word_1_223' title='bbox 852 3179 950 3243; x_wconf 76' lang='lat' dir='ltr'><strong>scripsi</strong></span> <span class='ocrx_word' id='word_1_224' title='bbox 967 3194 1015 3244; x_wconf 87' lang='lat' dir='ltr'><strong><em>pro</em></strong></span> <span class='ocrx_word' id='word_1_225' title='bbox 1033 3195 1106 3242; x_wconf 87' lang='grc' dir='ltr'><strong><em>παρ·</em></strong></span> 
     </span>
     <span class='ocr_line' id='line_1_29' title="bbox 93 3245 1106 3312; baseline 0 -14"><span class='ocrx_word' id='word_1_226' title='bbox 93 3249 184 3310; x_wconf 82' lang='grc' dir='ltr'><strong><em>εἶχεν</em></strong></span> <span class='ocrx_word' id='word_1_227' title='bbox 215 3248 300 3296; x_wconf 81' lang='lat' dir='ltr'>Pcet</span> <span class='ocrx_word' id='word_1_228' title='bbox 289 3251 395 3297; x_wconf 81' lang='lat' dir='ltr'><strong>tmart.</strong></span> <span class='ocrx_word' id='word_1_229' title='bbox 413 3263 454 3297; x_wconf 88' lang='grc' dir='ltr'><strong><em>πα</em></strong></span> <span class='ocrx_word' id='word_1_230' title='bbox 475 3250 541 3297; x_wconf 82' lang='grc' dir='ltr'><strong><em>εί..</em></strong></span> <span class='ocrx_word' id='word_1_231' title='bbox 555 3246 709 3297; x_wconf 72' lang='grc' dir='ltr'><strong><em>,Ροείεοεο</em></strong></span> <span class='ocrx_word' id='word_1_232' title='bbox 726 3245 812 3310; x_wconf 77' lang='lat' dir='ltr'><strong>igitur</strong></span> <span class='ocrx_word' id='word_1_233' title='bbox 829 3262 889 3298; x_wconf 79' lang='lat' dir='ltr'><strong><em>cum</em></strong></span> <span class='ocrx_word' id='word_1_234' title='bbox 907 3247 1018 3297; x_wconf 74' lang='lat' dir='ltr'><strong>Reiskio</strong></span> <span class='ocrx_word' id='word_1_235' title='bbox 1036 3264 1106 3312; x_wconf 89' lang='grc' dir='ltr'><strong><em>παρ-</em></strong></span> 
     </span>
     <span class='ocr_line' id='line_1_30' title="bbox 93 3310 1107 3431; baseline 0 -65"><span class='ocrx_word' id='word_1_236' title='bbox 93 3318 172 3379; x_wconf 82' lang='grc' dir='ltr'><strong><em>εῖχεν</em></strong></span> <span class='ocrx_word' id='word_1_237' title='bbox 192 3311 238 3378; x_wconf 86' lang='lat' dir='ltr'><strong><em>(an</em></strong></span> <span class='ocrx_word' id='word_1_238' title='bbox 256 3310 397 3379; x_wconf 78' lang='grc' dir='ltr'><strong><em>παρεσχεν</em></strong></span> <span class='ocrx_word' id='word_1_239' title='bbox 402 3311 429 3392; x_wconf 74' lang='grc' dir='ltr'><strong><em>λ)</em></strong></span> <span class='ocrx_word' id='word_1_240' title='bbox 453 3330 490 3365; x_wconf 90' lang='grc' dir='ltr'><strong><em>αν</em></strong></span> <span class='ocrx_word' id='word_1_241' title='bbox 509 3312 680 3364; x_wconf 78' lang='lat' dir='ltr'>scribendum</span> <span class='ocrx_word' id='word_1_242' title='bbox 698 3318 726 3364; x_wconf 81' lang='lat' dir='ltr'><strong><em>et</em></strong></span> <span class='ocrx_word' id='word_1_243' title='bbox 744 3313 825 3431; x_wconf 79' lang='lat' dir='ltr'>paulo</span> <span class='ocrx_word' id='word_1_244' title='bbox 845 3318 909 3364; x_wconf 80' lang='lat' dir='ltr'>ante</span> <span class='ocrx_word' id='word_1_245' title='bbox 927 3311 976 3364; x_wconf 77' lang='grc' dir='ltr'><strong><em>καὶ</em></strong></span> <span class='ocrx_word' id='word_1_246' title='bbox 994 3330 1107 3366; x_wconf 75' lang='lat' dir='ltr'><strong>servan·</strong></span> 
     </span>
     <span class='ocr_line' id='line_1_31' title="bbox 91 3373 1106 3460; baseline 0.001 -28"><span class='ocrx_word' id='word_1_247' title='bbox 91 3383 156 3433; x_wconf 85' lang='lat' dir='ltr'><strong><em>dum</em></strong></span> <span class='ocrx_word' id='word_1_248' title='bbox 228 3385 258 3431; x_wconf 79' lang='lat'><strong><em>12</em></strong></span> <span class='ocrx_word' id='word_1_249' title='bbox 282 3374 430 3445; x_wconf 83' lang='grc' dir='ltr'><strong><em>Σεβαστὸς</em></strong></span> <span class='ocrx_word' id='word_1_250' title='bbox 448 3378 544 3444; x_wconf 83' lang='lat' dir='ltr'><strong>Hrch.]</strong></span> <span class='ocrx_word' id='word_1_251' title='bbox 562 3373 773 3460; x_wconf 71' lang='grc' dir='ltr'><strong><em>Σεβαστὸςδλ</em></strong></span> <span class='ocrx_word' id='word_1_252' title='bbox 844 3384 875 3432; x_wconf 79' lang='grc'><strong><em>17</em></strong></span> <span class='ocrx_word' id='word_1_253' title='bbox 900 3377 941 3440; x_wconf 88' lang='grc' dir='ltr'><strong><em>είς</em></strong></span> <span class='ocrx_word' id='word_1_254' title='bbox 960 3378 1009 3446; x_wconf 88' lang='grc' dir='ltr'><strong><em>Ρο]</em></strong></span> <span class='ocrx_word' id='word_1_255' title='bbox 1035 3376 1106 3446; x_wconf 86' lang='grc' dir='ltr'><strong><em>πρὸς</em></strong></span> 
     </span>
     <span class='ocr_line' id='line_1_32' title="bbox 92 3440 1107 3569; baseline 0.001 -69"><span class='ocrx_word' id='word_1_256' title='bbox 92 3444 203 3569; x_wconf 59' lang='grc' dir='ltr'><strong><em>Ξὸδτά</em></strong></span> <span class='ocrx_word' id='word_1_257' title='bbox 199 3446 292 3500; x_wconf 84' lang='grc' dir='ltr'><strong><em>πολλοί</em></strong></span> <span class='ocrx_word' id='word_1_258' title='bbox 310 3448 407 3517; x_wconf 86' lang='lat' dir='ltr'><strong>Hrch.]</strong></span> <span class='ocrx_word' id='word_1_259' title='bbox 428 3445 519 3503; x_wconf 76' lang='grc' dir='ltr'><strong><em>ταῦτα</em></strong></span> <span class='ocrx_word' id='word_1_260' title='bbox 537 3440 572 3499; x_wconf 81' lang='grc' dir='ltr'><strong><em>τὰ</em></strong></span> <span class='ocrx_word' id='word_1_261' title='bbox 591 3441 684 3500; x_wconf 83' lang='grc' dir='ltr'><strong><em>πολλά</em></strong></span> <span class='ocrx_word' id='word_1_262' title='bbox 736 3451 769 3502; x_wconf 78' lang='lat'><strong><em>26</em></strong></span> <span class='ocrx_word' id='word_1_263' title='bbox 788 3442 930 3516; x_wconf 89' lang='grc' dir='ltr'><strong><em>διδόμενα</em></strong></span> <span class='ocrx_word' id='word_1_264' title='bbox 948 3449 1107 3517; x_wconf 82' lang='lat' dir='ltr'><strong>Horkelius]</strong></span> 
     </span>
     <span class='ocr_line' id='line_1_33' title="bbox 116 3514 242 3586; baseline -0.016 -16"><span class='ocrx_word' id='word_1_265' title='bbox 116 3535 127 3570; x_wconf 89' lang='grc' dir='ltr'><strong><em>ε</em></strong></span> <span class='ocrx_word' id='word_1_266' title='bbox 151 3514 242 3586; x_wconf 85' lang='grc' dir='ltr'><strong><em>ομένα</em></strong></span> 
     </span>
    </p>
   </div>
   <div class='ocr_carea' id='block_1_4' title="bbox 0 0 1204 3960">
    <p class='ocr_par' dir='ltr' id='par_1_4' title="bbox 0 0 1204 3960">
     <span class='ocr_line' id='line_1_34' title="bbox 0 0 1204 3960; baseline 0 0"><span class='ocrx_word' id='word_1_267' title='bbox 0 0 1204 3960; x_wconf 95' lang='lat' dir='ltr'><strong><em> </em></strong></span> 
     </span>
    </p>
   </div>
  </div>
 </body>
</html>
