2370 3908
119 176 183 238 474
420 176 563 226 mmm
580 173 826 224 IMPERATORIS

119 313 227 382 πάντα
249 327 320 393 τοίς
343 310 481 379 εἰωθόσι
505 308 697 396 λαμβάνειν.
725 307 808 376 όταν
826 300 889 376 οὖν
908 310 1008 395 φανῶ
1027 307 1132 394 μηδὲν

45 456 48 461 ·
120 419 305 498 έλαττιόσας
331 423 399 485 τῶν
427 423 598 504 δημοσίων
626 415 829 499 συντάξεων,
862 412 943 494 ὅσας
965 410 1132 500 εἰωθενή

119 524 273 613 βασιλική
297 527 410 613 νέμειν
434 524 578 609 δαπάνη,
601 521 682 610 ὑμῖν
705 519 736 590 δ’
762 518 854 601 ἀνεὶς
875 525 944 590 τῶν
963 524 1133 610 εἰσφορῶν

120 634 182 702 οὐκ
205 631 312 719 ὀλίγα,
336 625 389 718 ἀρ’
415 629 477 699 οὐκ
501 635 670 717 αἰνίγματι
691 627 729 697 τὸ
753 632 887 718 πρᾶγμα
910 633 1037 708 &omem
1060 626 1131 697 ἀλλ’
1162 694 1168 699 .

119 737 227 808 ὁπόσα
259 739 320 827 μὲν
347 743 444 828 κοινή
472 737 555 825 πρὸς
581 736 708 817 πάντας
733 742 907 824 πεποίηται
933 733 1017 816 τοὺς
1039 735 1153 825 ἀρχοε

120 850 243 934 μένους
265 843 321 914 ὑπ’
348 847 445 933 ἐμοῦ,
468 849 587 934 πρέποι
611 841 653 911 ἀν
677 847 822 929 σιωπᾶν,
844 847 902 911 ἵνα
925 841 971 931 μὴ
996 847 1134 932 δοκοίην

78 979 100 1034 Β
119 952 229 1042 ὥσπερ
253 955 437 1040 ἐξεπίτηδες
459 950 719 1041 αὐτοπρόσωπος
742 952 900 1031 ἐπαίνους
920 947 1019 1041 ᾄδειν
1038 953 1134 1039 ἐμαυ-
1177 996 1179 1019 .

118 1066 194 1146 τοῦ,
231 1063 286 1129 καί
318 1062 422 1128 ταῦτα
454 1057 732 1145 ἐπαγγειλάμενος
761 1055 886 1137 πολλάς
916 1060 974 1127 καί
1004 1055 1134 1147 ἀσελγε
1177 1046 1179 1103 ³

120 1168 239 1246 στάτας
270 1164 383 1255 ὕβρεις
413 1167 580 1253 καταχέαι·
616 1164 658 1233 τά
690 1164 728 1257 δξ
752 1168 826 1253 ἰδία
852 1191 910 1251 μοι
938 1164 1024 1255 πρὸς
1050 1165 1135 1255 ὑμᾶς
1177 1164 1179 1205 ¹

119 1276 324 1361 πεποιημένα
346 1275 516 1361 προπετῶς
538 1271 600 1360 μὲν
622 1274 678 1340 καί
697 1268 856 1360 ἀνοήτως,
878 1269 998 1359 ήκιστα
1016 1272 1057 1342 δὲ
1073 1271 1132 1360 ὑφ’
1144 1226 1179 1353 1θί

118 1378 214 1467 ὑμῶν
238 1378 313 1461 ἀξια
337 1377 603 1467 ἀχαριστείσθαι,
626 1382 746 1467 πρέποι
769 1375 813 1446 ἀν
835 1377 929 1468 οἶμαι
939 1382 1134 1468 ’προφέρειν

119 1486 228 1575 ὥσπερ
251 1485 327 1554 τινὰ
351 1485 411 1573 ἐμά
435 1482 550 1573 ὀνείδη
574 1484 723 1577 τοσούτω
746 1489 814 1555 τῶν
832 1491 1026 1575 ἔμπροσθεν
1045 1497 1132 1576 χαλε-

119 1595 262 1683 πώτερα,
297 1597 359 1660 τοῦ
390 1619 425 1660 τε
454 1591 585 1681 αὐχμοῦ
612 1596 673 1662 τοῦ
699 1594 775 1681 περὶ
801 1592 839 1661 τὸ
870 1592 1056 1683 πρόσωπον
1081 1597 1131 1664 καί

117 1706 176 1789 τῆς
198 1699 454 1790 ἀναφροδισίας,
478 1698 546 1791 ὅσω
568 1700 624 1768 καὶ
646 1697 854 1787 ἀληθέστερα
876 1697 959 1769 ὄντα
980 1706 1023 1792 πή
1047 1706 1131 1792 ψυχή

80 1809 260 1896 ομάλιστα
296 1809 464 1895 προσήκει.
508 1809 564 1875 καὶ
598 1807 639 1896 δή
672 1806 836 1896 πρότερον
867 1806 1019 1899 ἐπῄνουν
1049 1806 1160 1899 ὑμᾶςσ

120 1915 165 1995 ὡς
188 1913 353 2000 ἐνεδέχετό
377 1940 433 2002 μοι
455 1919 637 2000 φιλοτίμως
656 1911 718 1981 οόκ
735 1911 916 2002 ἀναμείνας
932 1916 1132 2006 τὴνπετραν

120 2020 195 2091 οὐδ’
226 2021 314 2102 ὅπως
343 2024 460 2109 ἕξομεν
488 2020 573 2107 πρὸς
599 2020 764 2108 ἀλλήλους
791 2023 1013 2110 ἐνθυμηθείς,
1051 2022 1132 2094 ἀλλά

120 2136 260 2216 νομίσας
287 2130 373 2218 ὑμᾶς
400 2129 462 2216 μὲν
479 2127 652 2216 Ἑλλήνων
678 2133 814 2214 παῖδας,
846 2128 994 2217 ἐμαυτὸν
1021 2133 1076 2220 δέ,
1108 2138 1136 2202 εἰ

118 2239 173 2303 καὶ
205 2239 302 2323 γένος
329 2238 401 2305 ἐστί
425 2264 482 2324 μοι
506 2235 667 2326 Θρηίκιον,
694 2234 841 2324 Ἕλληνα
866 2250 938 2317 τοῖς
964 2239 1136 2327 ἐπιτηδείν
1177 2264 1179 2280 ¹

123 2363 225 2430 μασιν
261 2341 513 2430 ὑπελάμβανον,
550 2340 601 2411 ὅτι
638 2342 780 2430 μάλιστα
815 2341 981 2432 ἀλλήλους
1009 2342 1164 2435 ἀγαπήάο

121 2472 233 2538 σομεν.
279 2453 316 2517 ἐν
346 2450 407 2537 μὲν
441 2449 482 2538 δή
514 2453 613 2519 τοῦτο
646 2454 729 2518 ἔστω
761 2477 818 2538 μοι
849 2455 909 2540 τῆς
938 2461 1137 2540 προπετείας
1177 2454 1179 2509 ἶ

120 2556 259 2635 όνειδος.
304 2561 414 2624 ἔπειτα
445 2559 744 2645 πρεσβευσαμένοις
774 2555 856 2646 ὑμίν
882 2556 961 2648 παρ’
993 2559 1052 2647 ἐμὲ
1082 2561 1136 2629 καὶ
1176 2534 1179 2611 ἰ

76 2679 100 2732 D
120 2663 336 2750 ἀφικομένοις
358 2661 510 2752 ὑστέροις
534 2662 575 2732 οὐ
597 2668 666 2734 τῶν
687 2662 800 2734 ἀλλων
822 2667 945 2754 μόνον,
971 2664 1060 2737 ἀλλά
1082 2671 1135 2739 καί
1177 2718 1179 2723 .

119 2767 363 2859 Ἀλεξανδρέων
397 2774 465 2839 τόν
502 2768 552 2839 ἐπ’
591 2771 769 2870 Αἰγόπτω,
805 2771 892 2842 πολὺ
927 2773 991 2860 μὲν
1028 2771 1135 2865 ἀνήκοι
1176 2838 1179 2843 .

185 2986 294 3075 λῖόσας
311 2995 370 3062 Mb]
401 2985 455 3049 ὅσα
524 2999 540 3047 3
564 2989 597 3047 δὲ
615 2996 687 3048 VMb
758 2988 1040 3063 ’ίαάτοπροσόπους
1056 3002 1134 3067 Rsk,

118 3064 166 3126 qui
184 3065 335 3123 ,,Επαινος
355 3056 587 3130 αὐτοπρόσωπος,
603 3064 703 3131 inquit,
722 3080 755 3115 οε
772 3071 815 3118 est
831 3065 965 3131 laudatio,
982 3082 1056 3135 quae
1073 3084 1134 3137 ρῐο

117 3129 248 3181 ficiscitur
265 3133 299 3182 ab
319 3131 366 3204 illo
384 3134 455 3198 ipso,
475 3133 522 3198 qui
538 3130 697 3187 laudatur“.
737 3136 768 3185 10
784 3132 933 3198 προπετῶς
949 3132 1134 3205 πεπαρμένα

118 3194 171 3263 μὲν
189 3199 227 3278 ξε
245 3205 272 3249 et
289 3200 388 3250 omisso
406 3194 460 3266 μὲν
479 3199 516 3250 Pf
529 3204 609 3277 τηρεε.
628 3195 754 3277 pet-1352
772 3200 841 3254 Cob.
858 3198 898 3267 H]
915 3195 971 3267 μὶν
1017 3205 1050 3255 11
1068 3200 1134 3274 πρέ·

117 3283 167 3317 ποι
187 3283 224 3317 αν
243 3267 310 3321 Cob.
328 3263 366 3333 H]
385 3265 490 3332 πρέποι
509 3259 540 3319 δ’
559 3283 597 3319 αν
667 3271 699 3320 14
717 3265 801 3336 οντα]
821 3261 913 3335 ἐστιν,
932 3256 953 3321 ἀ
970 3268 1042 3325 Καὶ.
1071 3286 1079 3299 ’
1104 3274 1134 3325 1⁶

117 3328 267 3402 πρότερον]
286 3333 399 3400 πρῶτον
416 3336 442 3386 V
511 3338 543 3386 17
561 3325 632 3390 οόδδ
651 3335 722 3387 VMb
762 3394 765 3399 ¹
792 3337 823 3387 19
841 3331 969 3403 ἔντιμοι
985 3336 1133 3407 mm]

118 3419 166 3466 μοι
190 3395 249 3455 ἐστὶ
282 3404 286 3466 Ι
317 3403 373 3454 Aut
394 3408 458 3468 post
468 3393 594 3470 Ἕλληνα
616 3407 663 3454 aut
684 3412 750 3471 post
768 3407 828 3463 τοῖς
845 3404 910 3455 Rsk.
931 3402 999 3457 addi
1016 3406 1087 3461 volit
1101 3422 1132 3487 ηε

117 3472 150 3544 λβ
168 3463 375 3548 ὑπελάμβανον
393 3471 501 3539 VMbF]
520 3465 727 3552 ὑπελάμβανον
746 3460 799 3525 οὖν
814 3472 819 3538 Ι
834 3464 1041 3541 ἀγαπήσομεν]
1058 3468 1133 3545 vim

117 3552 278 3604 αγαπησειν
297 3542 335 3591 Pe
354 3550 431 3597 mart.
450 3548 521 3608 pet„
540 3533 704 3609 ἀγαπήσειν
721 3540 758 3592 Pf
