2392 3960
380 174 584 226 EPISTOLAE
604 179 643 227 19,
662 177 703 226 20.
721 178 762 232 21.
1013 174 1075 240 501

56 322 148 399 λεῖν,
181 308 255 397 οὐχλ
281 309 361 392 τοὺς
387 315 550 397 γείτονας·
585 309 624 379 τὸ
647 318 757 379 αἴτιον
781 311 835 398 δέ,
868 310 920 381 ὅτι
942 317 1078 399 γείτονα

57 420 125 507 μὲν
149 425 277 487 ἔνεστιν
301 417 426 506 ἐχθρὸν
443 423 543 505 ἔχειν,
566 424 668 504 φίλον
687 417 726 486 δὲ
744 417 870 507 ἐχθρὸν
889 416 931 487 οὐ
948 421 1078 506 μᾶλλον
1133 465 1136 469 ›

58 522 81 612 ή
105 523 144 593 τὸ
168 524 289 592 λευκὸν
311 525 416 612 μέλαν
438 524 523 593 εἶναι
550 525 605 593 καλ
629 523 665 593 τὸ
688 523 819 612 θερμὸν
843 526 983 619 ψυχρόν.
1025 524 1077 594 ὅτι

59 632 101 699 δὲ
129 629 210 719 ήμῑν
232 627 273 699 οὐ
296 634 362 698 νῦν
385 630 507 718 μόνον,
540 627 623 699 ὐλλόι
645 631 701 699 καὶ
722 631 827 700 πάλαι
848 638 946 718 φίλος
969 631 1001 701 εἰ
1020 633 1078 701 καλ

21 761 42 802 τ
59 741 249 818 διετέλεσας
271 735 431 818 εὐνοϊκῶς
454 742 552 825 ἔχων,
573 734 605 806 εί
625 739 681 806 καλ
703 737 810 826 μηδὲν
827 735 977 828 ὑπῆρχεν
994 738 1076 808 ίιλλο

57 844 255 933 τεκμήριον,
287 842 370 913 ἀλλὰ
396 843 435 913 τό
462 870 501 932 γε
523 842 608 932 ἡμᾶς
631 841 718 913 οὐτω
742 849 974 914 διατεθεῖσθαι
1007 849 1117 932 [καλΒ

59 956 266 1036 διακεῖσθαι]
291 952 366 1038 περὶ
389 951 426 1019 σὲ
448 953 532 1038 μέγα
555 944 599 1018 ἂν
621 959 672 1037 είη
695 950 817 1020 τούτου
840 966 989 1040 σημεῖον.
1017 946 1076 1041 ήκε

58 1065 181 1126 τοίνυν
212 1060 376 1148 μεθέξεινΙ
393 1061 453 1145 τῆς
483 1054 641 1137 ὑπατείας
672 1052 781 1136 αὐτός.
826 1054 896 1138 ἄξει
927 1059 967 1126 δέ
992 1079 1029 1127 σε
1056 1057 1075 1129 ὁ

60 1163 225 1252 δημόσιος
254 1162 380 1252 δρόμος
402 1160 541 1251 ὀχήματι
564 1161 738 1258 χρεόμενον
763 1163 819 1232 καλ
841 1168 1006 1257 παρίππφ.
1047 1172 1116 1236 είεο

10 1294 45 1337 ιο
61 1271 101 1338 δὲ
130 1271 192 1358 χρή
219 1298 250 1339 τι
278 1271 333 1338 καλ
362 1268 580 1357 ἐπεύξασθαι,
611 1268 674 1357 τῆν
692 1266 850 1339 Ἐνοδίαν
877 1271 998 1361 εὐμενῆ
1023 1293 1076 1342 σοι

60 1378 116 1445 καί
142 1376 201 1445 τὸν
221 1376 376 1445 Ἐνόδιον
398 1375 700 1466 παρακεκλήκαμεν.

276 1589 336 1660 κα’.
370 1586 592 1671 Ἰουλιανὸς
614 1590 866 1682 Καλλιξείνη.
1095 1598 1117 1656 0

173 1731 304 1820 Χρόνος
327 1737 458 1802 δίκαιον
481 1731 590 1821 ὐίνδρα
613 1737 784 1801 δείκνυσιν
807 1732 923 1821 μόνος,

61 1835 108 1918 ὡς
135 1836 224 1926 παρὰ
250 1842 320 1907 τῶν
342 1844 534 1929 ἔμπροσθεν
556 1842 720 1926 ἔγνωμεν·
758 1837 822 1927 ἐγὼ
846 1836 877 1908 δ’
903 1837 946 1910 όν
969 1847 1076 1929 φαίην

10 1968 47 2008 ιε
62 1943 115 2013 ὅτι
143 1945 197 2012 καλ
224 1944 285 2013 τὸν
312 1942 432 2033 εὐσεβῆ
460 1946 515 2014 καλ
537 1943 599 2014 τὸν
621 1943 795 2032 φιλόθεον.
840 1941 913 2015 ἀλλ’
939 1948 1078 2035 ἐμαρτυ-

62 2050 171 2139 ρήθη,
203 2050 283 2138 φής,
314 2053 370 2120 καί
402 2049 422 2140 ῆ
450 2044 632 2140 Πηνελόπη
659 2055 853 2142 φίλανδρος.
897 2049 968 2120 εἶτα
997 2054 1079 2141 μετὰ

61 2161 125 2225 τοῦ
153 2157 343 2244 φιλόνδρου
369 2155 407 2227 τὸ
436 2157 603 2244 φιλόθεον
628 2163 680 2239 τίς
701 2159 739 2227 ἐν
761 2158 897 2246 γυναικί
920 2162 1078 2250 δεύτερον
1190 2148 1195 2164 ’

61 2271 190 2351 τίθησι,
212 2265 268 2332 καλ
287 2262 329 2333 οὐ
351 2278 506 2355 φανεῖται
526 2262 636 2333 πολύν
651 2263 742 2333 πάνυ
758 2263 820 2334 τὸν
836 2267 1079 2356 μανδραγόραν
1162 2352 1169 2365 .

63 2370 272 2452 ἐκπεπωκεόςς
308 2376 339 2440 εἰ
365 2370 402 2439 δὲ
429 2371 485 2439 καλ
511 2371 592 2452 τούς
618 2369 756 2459 καιρούς
776 2397 827 2450 τις
849 2372 886 2439 ἐν
909 2375 957 2464 νῷ
980 2372 1079 2460 λάβοι

10 2501 48 2540 3ο
62 2477 119 2544 καὶ
156 2476 217 2564 τήν
252 2476 315 2565 μὲν
345 2475 550 2564 Πηνελόπην
582 2477 828 2566 ἐπαινουμένην
859 2476 981 2577 σχεδὸν
1011 2477 1121 2549 ὐπὸΙ)

62 2584 200 2654 πάντων
224 2585 275 2652 ἐπὶ
298 2587 338 2673 τῆ
356 2588 552 2674 φιλανδρίαι,
574 2581 839 2664 κινδυνευούσας
857 2581 972 2666 δὲτὰς
989 2583 1080 2655 εὐσε-

136 2796 150 2842 1
170 2781 235 2857 οὐχί
255 2788 345 2857 GPbi]
370 2784 407 2845 οὐ
475 2794 491 2842 2
510 2789 596 2856 φίλον
616 2781 776 2869 δδχέχθρὸν
794 2787 830 2860 G]
854 2790 941 2910 φίλον
961 2786 995 2844 δὲ
1061 2795 1081 2844 4

64 2861 120 2913 νῦν
139 2854 230 2923 μόνον
248 2857 336 2925 GPbi]
359 2853 450 2926 μόνον
468 2856 522 2912 νόν
591 2859 717 2918 δευνας
734 2857 766 2911 (3.
785 2859 822 2911 cf.
840 2862 856 2911 2
874 2859 925 2910 30
995 2856 1085 2912 δοιαὶ.

65 2928 239 2980 διακεῖσθαι
259 2942 309 2976 om.
328 2925 352 2975 G
420 2925 539 2978 ἵτούτο
556 2925 623 2976 GPb
675 2929 692 2979 8
710 2915 809 2994 αὐτός]
828 2924 879 2979 καλ
897 2919 985 2986 αὐτός
1002 2925 1080 2978 GPbi

63 3002 79 3047 9
102 2994 154 3047 καλ
178 2992 315 3061 παρίππφ
339 2992 426 3060 GPbi]
453 2985 498 3046 ἕνλ
521 2989 571 3044 καλ
593 2991 732 3060 παρίππφ
749 3011 780 3056 ν,
811 2990 862 3046 καὶ
880 2985 926 3046 ἕνλ
942 2993 1080 3064 παρίππφ

64 3065 151 3116 Hrch.
170 3063 205 3117 cf.
223 3061 308 3113 4040
357 3064 390 3112 10
406 3053 627 3127 προσεύξασθαι
644 3062 711 3125 Phi,
731 3053 989 3127 προαικιόξασθαι
1007 3062 1078 3114 Hor·

63 3132 155 3182 helius
217 3132 248 3180 12
266 3123 430 3197 Καλλιξένη
447 3130 604 3195 suspicatur
621 3128 707 3184 Hrch.
764 3130 796 3180 18
814 3127 898 3196 Soph.
917 3128 950 3184 Ο.
967 3130 1001 3182 R.
1019 3132 1080 3192 614,

63 3199 136 3250 unde
156 3196 305 3248 δείκνυσιν
323 3212 373 3262 pro
391 3195 524 3249 δείκνυσι
542 3196 640 3262 scripsi
684 3198 716 3248 14
733 3185 764 3248 δ’
782 3185 822 3249 δν
839 3193 954 3262 Horeb]
973 3191 1007 3248 δὲ
1048 3199 1081 3248 15

64 3269 137 3317 et16
156 3257 325 3331 ἐμαρτυρήθ
346 3261 357 3331 J
378 3264 515 3328 „Videtur
530 3262 705 3315 intercidisse
721 3261 761 3316 τό
778 3255 903 3332 χρόνρ“.
921 3264 1007 3314 Hrch.
1047 3266 1081 3314 1⁶

65 3328 124 3401 φής
137 3331 232 3398 Hrch,]
249 3282 344 3398 φησίῆ
357 3333 408 3396 „R
427 3323 501 3396 μετὰ
517 3325 550 3384 τό
569 3317 748 3398 φίλανδρον,’
761 3337 810 3384 εισι
828 3327 892 3385 εἶτα
909 3327 1010 3398 μέντοι
1027 3325 1097 3384 τού·

64 3394 259 3466 φιλοίνδρου,“
281 3400 349 3455 Rslx.
415 3402 450 3480 '17
468 3397 523 3465 τις]
542 3385 617 3465 ἦθος
635 3414 675 3451 mr
694 3437 702 3452 .
720 3399 789 3452 Gen.
858 3402 891 3478 Ι18
908 3389 997 3481 θήσει
1016 3413 1081 3450 con·

64 3470 127 3522 iicit
146 3468 249 3525 Hrch.l
269 3467 479 3548 μανδραγοραν
496 3466 596 3520 Suidas
615 3482 636 3519 s.
656 3482 681 3519 v.
715 3466 922 3535 μανδραγόραν
940 3482 979 3519 αν
1047 3469 1083 3520 20

88 3531 95 3549 ἱ

63 3555 119 3606 την
137 3531 191 3604 μὲν
210 3534 260 3603 Po]
281 3553 335 3602 την
367 3590 374 3600 ,
