2370 3908
95 160 159 223 216
391 160 535 211 mmm
556 159 809 211 ιιιειιιιιεοοιε

96 281 205 358 οὖσάν
234 289 298 374 [τε]
326 284 438 374 πηγὴν
465 285 527 375 μὲν
553 288 622 355 τῶν
654 289 907 375 δημιουργικῶν
932 288 1041 373 θεῶν,
1071 285 1116 358 οὐ

96 394 348 481 καθελκομένην
376 392 414 461 δέ
446 399 493 474 είς
519 392 582 480 τὴν
613 394 747 479 γένεσιν
779 390 861 462 οὐδὲ
886 394 1114 483 θελγομένην·

45 522 78 577 -D
98 498 185 569 οὕτω
214 498 277 590 γάρ
305 505 439 587 ἔμελλεν
467 495 484 568 ὁ
513 501 615 587 μέγας
633 497 741 579 ’Ἀττις
767 501 824 568 καὶ
846 514 997 589 κρεῖττον
1024 499 1114 570 εἶναι

98 605 316 695 δημιουργός,
348 608 481 696 ἐπείπερ
514 608 550 674 έν
582 608 685 674 πᾶσιν
716 602 738 694 ἡ
774 604 857 696 πρὸς
892 604 930 675 τὸ
962 622 1115 692 κρεῖττον

99 711 283 802 ἐπιστροφὴ
310 711 438 801 μάλλόν
457 714 526 780 ἐστι
545 712 744 802 δραστήριος
761 715 819 800 τῆς
841 710 926 802 πρὸς
943 711 981 781 τὸ
1000 729 1141 804 χείρονι

98 821 251 900 νεύσεως.
294 821 364 888 ἐπεὶ
382 820 437 888 καὶ
464 816 501 887 τὸ
521 820 669 907 πέμπτον
697 822 792 905 σῶμα
815 818 924 910 τούτῳ
952 823 1114 911 δημιουρ-

99 925 280 1015 γικώτερόν
308 928 377 993 έστι
404 929 473 994 τῶν
499 928 578 1014 τῇδε
606 926 662 995 καὶ
689 925 880 1015 θειότερον,
912 928 959 1017 τῷ
987 929 1116 1013 μᾶλλον

99 1032 288 1123 έστράφθαι
315 1030 399 1120 πρὸς
426 1029 506 1111 τοὺς
532 1030 647 1118 θεούς,
675 1035 749 1100 ἐπεί
771 1059 822 1100 τοι
850 1029 887 1100 τὸ
917 1034 1022 1120 σῶμα,
1051 1030 1116 1103 κάν

74 1143 238 1228 ,αίθέρος
269 1129 290 1226 ᾗ
317 1141 379 1206 τοῦ
406 1138 663 1225 καθαρωτάτου,
693 1138 776 1226 [καὶ]
805 1140 914 1227 ψυχῆς
944 1135 1116 1228 σἰχράντου

99 1247 155 1313 καὶ
187 1247 354 1333 καθαράς,
387 1238 507 1312 ὁποίαν
539 1242 601 1332 την
624 1240 825 1333 Ἡρακλέους
857 1241 875 1314 ὁ
910 1244 1117 1333 δημιουργὸς
1131 1271 1151 1313 ιι

100 1352 290 1438 ἐξέπεμψεν,
318 1346 430 1431 οὐδεὶς
457 1346 500 1418 άν
519 1355 625 1418 εἰπεῖν
643 1365 794 1439 κρεῖττον
821 1351 1002 1439 τολμήσειε.
1042 1353 1118 1423 τότε

49 1458 219 1545 ιοτμέντοι
246 1448 289 1544 ἦν
316 1484 351 1526 τε
374 1457 430 1524 καὶ
450 1457 557 1525 ἐδόκει
584 1459 711 1544 μᾶλλον
739 1459 949 1548 δραστήριος,
977 1455 1031 1527 ὅτε
1055 1456 1117 1529 αὑ-

99 1561 162 1651 την
190 1568 314 1631 ἔδωκεν
341 1565 451 1651 έκείνη
471 1561 605 1651 σάματι.
647 1565 717 1632 ἐπεὶ
735 1565 791 1632 καὶ
811 1560 902 1657 αὐτῷ
929 1567 996 1633 νῦν
1015 1560 1117 1655 Ἡρα-

100 1677 174 1738 κλεί
203 1666 269 1760 ὅλῳ
301 1666 384 1758 πρὸς
420 1666 501 1738 ὅλον
538 1670 738 1759 κεχωρηκότι
769 1669 831 1740 τὸν
866 1674 991 1761 πατέρα
1023 1673 1118 1763 ῥᾴων

100 1771 118 1843 ί
149 1775 280 1844 τούτων
308 1776 472 1862 ἐπιμέλεια
504 1777 710 1863 καθέστηκεν
737 1773 758 1864 ἦ
785 1777 949 1868 πρότερον
975 1769 1033 1866 ἦν,
1063 1777 1118 1849 ὅτε
1131 1804 1151 1845 τι

102 1884 138 1950 έν
164 1896 235 1962 τοῖς
262 1878 457 1971 ἀνθρώποις
485 1889 606 1972 σαρκία
633 1886 751 1972 φορῶν
778 1885 963 1973 ἐστρέφετο.
1010 1881 1119 1968 οὕτως

102 1991 139 2056 έν
165 1991 247 2057 πάσι
274 1987 473 2078 δραστήριος
500 1991 627 2077 μάλλον
654 1984 778 2079 ἡπρός
804 1987 842 2059 τὸ
861 2008 1012 2081 κρεῖττον
1035 1987 1117 2060 ἀπό-

102 2115 217 2176 στασις
244 2098 301 2183 της
320 2096 373 2163 έπὶ
401 2093 438 2163 τὸ
457 2110 571 2186 χεῖρον
599 2097 755 2184 στροφῆς.
798 2092 816 2165 ἲ
844 2095 887 2185 δι]
911 2096 1119 2185 βουλόμενος

103 2197 120 2269 ὁ
149 2205 258 2290 μῦθος
295 2200 427 2282 διδάξαι
459 2204 657 2292 παραινέσαι
685 2204 769 2290 φησὶ
796 2199 859 2290 τὴν
886 2205 1026 2293 Μητέρα
1049 2208 1118 2273 τῶν

101 2310 194 2376 θεῶν
221 2310 267 2398 τῷ
287 2305 413 2376 ’Ἀττιδι
440 2310 642 2398 θεραπεύειν
669 2304 776 2398 αὐτὴν
794 2310 850 2377 καὶ
877 2310 959 2399 μήτε
986 2306 1151 2398 &noxa-2<

62 2428 176 2504 Βρείν
208 2413 288 2501 μήτε
324 2415 405 2502 ἐρᾶν
438 2412 546 2502 άλλης.
598 2410 615 2483 ὁ
654 2415 692 2484 δέ
726 2419 899 2505 προῆλθεν
936 2416 1013 2507 άχρι
1048 2421 1119 2487 τῶν

103 2519 249 2607 ἐσχάτων
277 2517 334 2605 τὴς
361 2516 443 2606 ὕλης
469 2519 650 2590 κατελθών.
696 2522 765 2589 ἐπεὶ
794 2519 831 2589 δέ
859 2526 961 2612 ἐχρῆν
987 2522 1118 2592 παύσα-

103 2631 189 2694 σθαί
217 2651 296 2694 ποτε
329 2626 384 2693 καὶ
418 2628 535 2713 στῆναι
567 2625 629 2714 τὴν
661 2623 831 2717 άπειρίαν,
864 2630 1025 2719 Κορύβας
1055 2629 1119 2716 μὲν

103 2727 121 2800 ὁ
150 2732 251 2820 μέγας
270 2728 398 2819 Ἥλιος,
432 2727 450 2801 ὁ
479 2732 670 2822 σύνθρονος
697 2735 737 2821 τῇ
765 2736 879 2824 Μητρὶ
907 2737 963 2805 καὶ
991 2741 1118 2824 συνδη-

103 2840 276 2927 μιουργῶν
304 2835 388 2926 αὐτῇ
416 2836 455 2906 τά
474 2838 581 2906 πάντα
609 2837 679 2906 καὶΙ
693 2841 1043 2929 συμπρομηθοάμενος
1060 2843 1118 2912 καλ
1131 2864 1151 2906 τι

104 2941 206 3013 οὐδέν
233 2943 387 3034 πράττων
414 2939 516 3032 αὐτῆς
544 2949 631 3032 δίχα,
658 2951 768 3014 πείθει
786 2943 847 3014 τὸν
864 2948 983 3016 λέοντα
1010 2976 1119 3036 μηνυ-

103 3048 165 3138 τὴν
201 3052 368 3137 γενέσθαι.
418 3057 468 3131 τίς
505 3049 543 3119 δὲ
580 3046 597 3119 ὁ
634 3052 735 3135 λέων;
772 3061 906 3121 αἴθωνα
943 3053 1120 3142 δήπουθεν

175 3259 187 3306 1
208 3271 238 3307 τε
256 3255 370 3305 1οο1οιὶι
387 3257 414 3306 Η
495 3260 510 3308 3
528 3255 669 3323 κρεῖττον]
689 3256 826 3322 κρείττων
843 3259 871 3309 Η
951 3261 967 3311 8
991 3250 1058 3311 έπεί
1073 3276 1120 3311 τοι

105 3321 142 3391 Η]
165 3316 228 3376 έπελ
246 3321 284 3390 τῷ
302 3324 406 3388 Regius
425 3325 541 3386 Petavii,
560 3317 626 3376 έπεί
640 3340 706 3377 τεν
767 3323 851 3378 9ου]
868 3326 984 3378 inclusit
1001 3327 1028 3377 H
1086 3330 1120 3380 10

99 3385 274 3458 Ἡρακλέους
293 3389 328 3458 Η]
343 3387 500 3454 Ἡρακλέος
574 3395 604 3443 11
624 3385 722 3454 οὐδεὶς
740 3390 777 3459 Η]
796 3388 898 3452 οὐθεὶς
972 3396 1005 3445 12
1024 3386 1120 3448 αὖτ“ν

103 3459 143 3539 Η]
160 3453 254 3526 αὐτὴν
335 3462 366 3510 16
384 3451 432 3511 έστ
452 3453 538 3525 ε’φετο
556 3458 593 3526 Η]
613 3453 749 3527 ἐτρέφετο
831 3464 863 3513 17
885 3453 918 3514 ἐν
934 3459 1005 3513 πάσι
1023 3461 1060 3529 Η]
1079 3412 1119 3530 άν

103 3544 174 3579 παοι
243 3519 387 3594 2οαὖτὴν
405 3476 448 3595 Η]
466 3519 556 3594 αὐτὴν
