2392 3960
109 126 174 192 104
411 127 558 180 mmm
575 128 826 181 IMPERATORIS
911 158 914 163 .

67 256 240 336 Βθέσεως
268 251 310 324 οὐ
337 254 446 342 πάντη
466 260 660 336 σπουδαίας.
701 256 757 325 καὶ
775 253 820 343 μή
838 281 888 336 τις
916 255 1040 325 οἰέσθω
1064 254 1126 326 τὸν

110 362 215 450 λόγον
243 361 381 450 ὃόσεριν
409 362 464 430 καί
483 368 597 449 βίαιον
624 367 672 442 είς
689 361 751 451 τὴν
770 362 958 450 συνήθειαν
986 358 1127 452 άφορῶν

109 471 178 538 τόν
212 464 400 556 ὀνομάτων·
434 470 518 556 φασὶ
550 465 614 559 γάρ
643 471 679 537 οί
702 470 819 537 πολλοί
850 466 930 550 τούς
957 470 993 537 ἐκ
1025 467 1140 538 πάλαι

110 581 284 644 πλουσίων
312 571 466 660 εὐγενεῖς.
507 580 616 644 καίτοι
643 578 714 656 πῶς
732 572 794 644 οὐκ
821 572 948 644 άτοπον
966 574 1127 665 μάγειρον

110 681 171 770 μὲν
203 676 224 770 ἢ
258 683 378 750 σκυτέα
410 683 466 749 καί
498 682 556 749 ναί
587 679 632 770 μά
664 689 734 750 Δία
766 683 908 771 κεραμέα
939 679 1016 751 τινά
1048 682 1153 771 χρή-5

111 815 197 876 ματα
217 791 329 874 ἕκτης
355 789 472 875 τέχνης
489 783 511 875 ἢ
534 789 590 857 καί
609 786 754 857 άλλοθέν
781 798 889 857 ποθεν
915 783 1127 878 ἀθροίσαντα

113 893 157 983 μὴ
187 898 300 964 δοκεῖν
328 891 447 981 εὐγενῆ
476 895 559 982 μηδὲ
587 890 652 964 ὐπὸ
671 897 741 963 τῶν
767 897 901 963 πολλῶν
930 895 1127 984 ἐπονομάζε-

112 1012 193 1070 σθαι
221 1003 321 1070 τοῦτο
349 999 386 1068 τὸ
416 998 533 1088 όνομα,
562 1005 593 1069 εί
619 997 693 1070 όὲό
722 1001 844 1070 τούτου
871 1011 948 1082 παῖς
976 1001 1127 1081 διαδεξά-

110 1134 211 1195 μενος
237 1105 298 1176 τὸν
326 1109 449 1195 κλῆρον
477 1111 524 1187 είς
541 1105 621 1187 τούς
648 1107 809 1193 ἐκγόνους
836 1107 1128 1197 διαπορθμεύσειε,

70 1214 253 1294 οτούτονς
286 1212 323 1280 δὲ
349 1210 414 1301 ἤδη
447 1214 530 1300 μέγα
563 1227 705 1302 φρονεῖν
736 1216 792 1282 καί
823 1228 893 1293 τοῖς
923 1219 1129 1296 Πελοπίδαις
1143 1249 1167 1287 10

113 1316 134 1407 ἢ
161 1335 232 1400 τοῖς
256 1315 486 1407 Ἡρακλείδαις
513 1315 598 1409 ὑπὲρ
625 1323 683 1408 τῆς
711 1317 879 1407 εὐγενείας
906 1316 1127 1408 άμιλλᾶσθαι;

112 1423 185 1494 ἄλλ’
222 1423 303 1494 οὐδὲ
335 1422 426 1505 ὅστις
456 1426 636 1514 προγόνων
668 1423 810 1512 ἀγαθάν
842 1432 923 1515 ἔφα,
956 1423 1058 1509 αὐτὸς
1091 1427 1128 1495 δὲ

112 1534 166 1601 ἐπὶ
198 1529 259 1621 τὴν
292 1533 450 1600 ἐναντίαν
481 1535 542 1601 τοῦ
579 1537 658 1619 βίον
696 1531 805 1621 ῥοπὴν
836 1534 1040 1622 κατηνέχθη,
1078 1538 1127 1602 δι-

113 1645 216 1719 καίως
244 1633 287 1706 άν
315 1653 525 1726 μεταποιοῖτο
554 1641 612 1726 τῆς
638 1638 722 1728 πρὸς
749 1641 898 1720 ἐκείνους
925 1642 1128 1727 ξυγγενείας,

32 1824 35 1830 ¹
114 1744 174 1834 (εί)
202 1743 287 1833 μηδὲ
315 1747 348 1825 ἐς
375 1741 455 1825 τούς
473 1749 663 1825 Πελοπίδας
691 1747 767 1832 ἐξῆν
795 1745 1025 1836 ἐγγράφεσθαι
1047 1743 1129 1828 τούς
1143 1779 1168 1820 15

112 1850 156 1939 μὴ
185 1854 350 1941 φέροντας
377 1851 430 1919 ἐπὶ
457 1854 525 1920 τῶν
553 1849 654 1939 όίμων
681 1855 742 1921 τοῦ
770 1854 890 1940 γένους
917 1847 957 1920 τά
984 1859 1127 1942 γνωρίσ-

111 1983 207 2045 ματα.
261 1956 364 2045 λόγχη
402 1956 440 2025 δὲ
480 1959 608 2044 λέγεται
648 1960 723 2048 περὶ
758 1957 820 2046 τὴν
856 1965 1023 2028 Βοιωτίαν
1058 1974 1130 2040 τοῖς

113 2072 284 2154 Σπαρτοῖς
311 2066 549 2151 ε’ντνπωθῆναι
576 2064 666 2154 παρὰ
692 2068 751 2152 τῆς
777 2065 938 2152 τεκούσης
964 2066 1020 2134 καί
1046 2076 1128 2156 θρε-

66 2190 93 2245 D
113 2170 263 2259 ψαμενης
295 2168 418 2252 αὐτοὺς
449 2171 577 2258 βάλον,
609 2173 665 2239 καὶ
697 2170 734 2239 τὸ
763 2174 922 2241 ἐντεῦθεν
955 2173 1009 2240 ἐπί
1040 2171 1128 2242 πολὺ

114 2280 326 2364 διασωθηναι
357 2280 456 2346 τοῦτο
485 2280 530 2369 τῷ
563 2279 651 2364 γενει
679 2277 945 2365 σύμβολονέπ
947 2278 1029 2348 ίόε
1060 2283 1129 2347 των
1143 2313 1170 2352 ιο

111 2386 231 2470 ψυχάν
264 2381 366 2453 οὐδὲν
399 2383 540 2472 οἰόμεθα
573 2389 646 2451 δεῖν
683 2384 924 2473 ἐγκεχαράχθαι
960 2388 1128 2472 τοιοῦτον,

114 2486 132 2558 ὃ
160 2489 240 2571 τούς
266 2491 409 2578 πατέρας
436 2485 517 2578 ἡμῖν
545 2486 691 2578 άκριβῶς
718 2505 851 2579 κατερεῖ
875 2492 930 2559 καί
959 2487 1129 2578 άπελέγξει

111 2593 172 2664 τὸν
204 2594 493 2683 τόκονγνήσιονς
525 2591 688 2685 ὑπάρχειν
721 2597 761 2664 (λε’
791 2617 875 2683 φασι
906 2598 962 2665 καὶ
989 2605 1129 2680 Κελτοῖς

110 2700 262 2790 ποταμὸν
289 2698 476 2771 ἀδέκαστον
502 2700 619 2791 κριτὴν
637 2704 705 2770 τῶν
729 2701 892 2789 ἐγγόνων·
920 2705 976 2771 καί
996 2701 1037 2772 οὐ
1056 2712 1126 2773 πεί-

110 2819 237 2877 θουσιν
270 2804 376 2877 αὐτὸν
412 2806 488 2877 οὐτε
521 2814 559 2877 αί
587 2810 727 2898 μηρέρες
763 2806 965 2898 ὀδυρόμεναι
1002 2826 1169 2898 σνγκα-ἰε

55 2941 92 2991 82
112 2914 250 2984 λάπτειν
282 2911 366 2984 αὐτὰ
398 2918 454 2984 καί
490 2913 714 3004 άποκρύπτειν
744 2913 807 3004 τὴν
839 2913 1012 3005 ἁμαρτάδα
1050 2915 1128 2987 οὐτε

180 3170 211 3219 15
231 3163 257 3220 εί
274 3169 338 3223 add
356 3168 411 3236 ΗΙ
435 3162 517 3237 RV]
527 3166 584 3252 είς
648 3173 680 3222 18
699 3171 768 3222 Σπα
768 3175 848 3251 τοις
858 3167 946 3252 Rsk]
966 3171 1128 3252 Σπαρτιόις

112 3228 315 3316 (σπαρτιιόταις
333 3238 371 3301 Μ)
443 3241 474 3288 19
497 3229 616 3316 αὐτοὺς
623 3238 648 3290 V
666 3238 774 3306 spanh.]
794 3230 895 3320 αὐτὴν
956 3241 989 3289 23
1008 3236 1061 3291 τόν
1078 3234 1127 3291 τό·

110 3321 162 3356 νον
181 3319 302 3388 γνησιον
320 3303 357 3372 V]
377 3298 496 3373 γνήσιον
514 3298 567 3358 τόν
583 3297 678 3358 τόκον.
715 3307 767 3371 „E
787 3299 821 3359 οὐ
839 3323 893 3373 γνη
887 3301 966 3368 ’,σιον
985 3303 1050 3373 quia
1067 3323 1129 3359 ver·

110 3374 176 3424 bum
199 3366 325 3492 ἐλέγχριν
347 3389 444 3508 ρχιχοηο
457 3375 524 3493 εόολλε
548 3343 737 3509 όρχετχοτχλχέέ
755 3375 894 3493 ολλιχλχειχλ
899 3374 1003 3509 teget:
1026 3375 1126 3507 ΒαλαΗλ

108 3434 334 3570 άύὐάιξςειόα1’
298 3499 394 3562 αὐτῶν
412 3434 537 3561 Rsykm
611 3434 661 3509 ἐν
879 3461 897 3494 v
987 3447 1071 3503 ku'c
