2392 3960
62 170 66 179 ·
127 143 191 207 292
403 108 565 195 mmm
588 143 839 195 IMPERATORIS

51 320 57 329 -
88 272 230 360 Ομότης
257 272 312 340 καὶ
340 270 448 340 πάντα
477 266 588 350 ἁπλῶς
615 267 655 338 τά
681 272 828 338 τοιαῦτα.
872 267 935 357 τὴν
963 269 1147 361 σύντομον,

129 384 250 467 φασίν,
288 373 372 446 ὁδὸν
408 378 464 445 καί
496 376 664 445 σύντονον
696 376 749 446 ἐπὶ
785 373 848 464 την
880 372 1003 466 ἀρετὴν
1030 430 1147 449 .....

130 482 256 571 ὄφελον
283 485 338 553 καί
365 479 460 572 ὑμεῖς
491 481 554 571 τὴν
581 480 712 573 μακράν
740 480 953 572 ἐπορεύεσθε·
987 485 1075 575 ῥᾷον
1103 481 1147 555 άν

131 587 176 659 δι’
212 593 340 678 ἐκείνης
371 585 392 678 ἢ
426 588 499 680 ὃ(ιά
529 589 666 678 ταύτ)ης
702 586 831 677 ἤλθετε.
881 585 944 658 ούκ
976 598 1062 677 ίστε,
1095 588 1148 661 ὅτι

130 696 273 783 μεγάλας
300 703 435 784 ἔχουσιν
463 700 501 764 αί
526 695 687 783 σύννομοι
710 693 768 775 τάς
795 694 1031 783 χαλεπότηταςς
1061 695 1172 787 (καὶ)ι

30 845 33 850 Δ
131 800 240 892 ὥσπερ
269 805 307 871 έν
325 817 397 884 ταῖς
425 802 609 890 λεωφόροις
628 798 646 870 ὁ
667 801 728 890 μὲν
754 799 816 888 τὴν
839 800 1006 890 σύντομεν
1032 804 1147 873 ἐλθεῖν

131 911 293 997 δυνηθείς
325 912 410 1000 ῥᾷον
437 912 613 997 ἐκπερίεισι
640 906 701 996 τὴν
733 906 860 999 κύκλῳ,
894 904 1005 977 ούκέτι
1031 911 1148 998 μέντοι

129 1013 167 1083 τὸ
201 1013 367 1085 ἀνάπαλιν
401 1011 418 1082 ὁ
453 1014 564 1106 κύκλῳ
596 1015 776 1105 πορευθεὶς
808 1020 903 1083 ἔλθοι
936 1010 979 1082 ἀν
1011 1016 1148 1098 πάντως

86 1123 186 1191 Βκαὶ
213 1119 275 1210 τὴν
305 1127 472 1209 ἐπίτομον,
501 1118 588 1190 οὕτω
617 1120 654 1189 δὲ
672 1122 728 1190 καί
748 1123 785 1189 έν
812 1122 852 1209 τῇ
881 1128 1070 1214 φιλοσοφίᾳ
1096 1124 1147 1192 τέ-

130 1237 187 1308 λος
219 1229 256 1296 τέ
285 1230 353 1296 ἐστι
390 1229 446 1296 καὶ
482 1223 566 1316 ἀρχὴ
602 1232 661 1315 μία
697 1230 828 1314 γνῶναί
861 1252 896 1295 τε
932 1224 1055 1297 ἑαυτὸν
1090 1230 1147 1298 καὶ
1161 1252 1183 1291 1⁰

131 1331 391 1422 άφομοιωθῆναι
418 1348 488 1415 τοῖς
504 1343 611 1414 θεοῖς’
639 1330 723 1422 ἀρχὴ
751 1332 813 1421 μὲν
836 1323 900 1403 οὖν
918 1332 1041 1403 ἑαυτὸν
1059 1338 1147 1422 μνῶ-

130 1468 202 1527 ναι,
230 1441 323 1521 τέλος
351 1439 387 1508 δὲ
406 1435 426 1528 ἡ
445 1437 528 1531 πρὸς
547 1439 624 1535 τούς
642 1446 832 1529 κρείττονας
850 1435 1016 1529 ὁμοιότης.
1055 1438 1146 1523 ὅστις

132 1538 195 1614 οὖν
231 1545 379 1627 Κυνικὸς
415 1544 502 1615 εἶναι
539 1547 660 1633 ἐθέλει,
696 1546 833 1615 πάντων
869 1541 1042 1636 ύπεριάάν
1079 1550 1146 1617 τῶν

131 1652 345 1740 νομισμάτων
372 1654 427 1722 καὶ
454 1656 522 1720 τῶν
550 1650 778 1741 ἀνθρωπίνων
802 1654 921 1736 δοξῶν,
949 1657 997 1735 είς
1024 1652 1146 1725 ἑαυτὸν

131 1760 187 1827 καί
214 1755 275 1827 τὸν
301 1757 385 1827 θεὸν
413 1761 630 1847 ἐπέστραπται
648 1759 820 1850 πρότερον.
858 1762 973 1853 έκείνφ
1000 1758 1039 1830 τὸ
1067 1780 1175 1851 χρυ-ιε

132 1870 208 1933 σίον
241 1861 304 1933 ούκ
336 1871 404 1934 ἔστι
437 1872 592 1956 χρυσίον,
627 1863 689 1953 ούχ
721 1861 742 1953 ἡ
770 1864 904 1953 φάμμος
936 1865 1085 1954 ψάμμος,
1117 1871 1147 1937 εί

130 1970 214 2060 πρὸς
242 1968 387 2060 ἀμοιβήν
418 1999 466 2052 τις
499 1969 584 2040 αύτά
616 1956 756 2056 έξετάζοι
783 1973 839 2042 καὶ
871 1975 930 2061 τῆς
963 1968 1058 2057 ἀξίας
1085 1968 1145 2043 αύ-
1182 1996 1185 2001 ·

79 2081 204 2146 καθιεῖν
227 2079 431 2167 ἐπιτρέψειεν
450 2075 540 2170 αύτῷ
559 2082 677 2168 τιμητῇ
694 2079 867 2166 γενέσθαι·
894 2080 960 2167 γῆν
978 2077 1043 2171 γάρ
1061 2076 1145 2149 αύτά

132 2181 226 2254 οἶδεν
263 2180 443 2275 ἀμφότερα.
492 2182 530 2253 τὸ
564 2184 792 2276 σπανιώτερον
829 2185 867 2254 δέ
898 2186 954 2256 καὶ
985 2185 1025 2256 τὸ
1062 2188 1145 2277 ῥᾷον
1182 2258 1186 2283 ¹

132 2287 324 2380 ἀνθρώπων
352 2289 438 2359 εἶναι
465 2293 657 2372 κενοδοξίας
673 2295 778 2361 ταῦτα
800 2293 856 2361 καλ
875 2289 1024 2379 ἀμαθίας
1050 2292 1175 2363 νεκύ-Ι

132 2425 226 2484 μικεν
254 2403 348 2487 ἔργα·
380 2396 417 2465 τὸ
447 2396 586 2487 αἰσχρὸν
613 2394 634 2486 ἢ
667 2396 771 2469 καλὸν
803 2395 866 2468 ούκ
893 2400 931 2468 ἐν
957 2413 1028 2482 τοῖς
1055 2400 1145 2469 έπαιδ
1183 2430 1186 2487 3

133 2505 309 2590 νονμένοις
340 2500 361 2592 ἢ
389 2506 586 2593 ψεγομένοις
616 2511 761 2588 τίθεται,
794 2501 866 2574 ἀλλ’
897 2508 934 2574 ἐν
960 2508 1000 2594 τῇ
1033 2504 1144 2593 φύσει·
1184 2516 1186 2539 “

134 2609 251 2695 φεύγει
287 2607 345 2689 τὰς
380 2609 531 2698 περιττάς
566 2611 711 2701 τροφάς·
753 2607 996 2700 ἀποστρέφεται
1033 2611 1072 2681 δὲ
1107 2608 1145 2681 τὰ

133 2712 324 2804 ἀφροδίσια.
376 2720 574 2804 βιαζομένου
607 2717 645 2786 δὲ
680 2720 741 2786 τού
778 2717 949 2806 σώματος,
986 2714 1029 2787 ού
1066 2717 1145 2808 ἃόξη

132 2820 353 2909 προστέτηκεν
390 2818 470 2891 οὐδὲ
512 2827 678 2912 περιμένει
714 2821 774 2892 τὸν
809 2824 969 2913 μάγειρον
1009 2826 1067 2894 καὶ
1107 2822 1145 2895 τά
1154 2840 1177 2885 ⁸·

133 2923 363 3017 ἀποτρίμματα
390 2932 446 2998 καὶ
465 2927 527 3017 τὴν
545 2937 698 3017 κνίσσαν,
727 2927 807 2999 οὐδὲ
824 2928 887 3018 τὴν
907 2930 1049 3019 Φρύνην
1068 2928 1145 3001 viai

202 3115 215 3160 1
239 3150 330 3164 ......
354 3107 450 3172 ἁπλῶς
471 3115 580 3179 Vpet.‚
602 3115 715 3181 spanh.‚
741 3111 791 3165 καλ
809 3108 905 3166 πάντα
923 3106 1021 3175 άπλῶς
1039 3116 1145 3167 Borke-

133 3180 187 3229 lius
257 3183 272 3230 2
303 3180 392 3244 φασίν
419 3179 459 3247 Η]
479 3181 580 3248 ’φησίν
612 3181 617 3247 Ι
649 3175 755 3247 ἀρετὴν
781 3219 856 3234 .....
888 3182 913 3232 V
939 3187 1010 3248 pot„
1041 3174 1170 3251 ἀρετὴνΙ

135 3243 273 3298 εἰσιοῦσιν
300 3249 397 3313 spanh.
433 3246 546 3314 Πορενὸ
570 3250 628 3301 εθα
649 3250 693 3301 vel
715 3249 770 3301 tale
813 3250 859 3301 uid
888 3251 1000 3317 scripsit
1023 3251 1170 3303 Iulimm'

133 3318 148 3366 ὅ
173 3311 286 3395 ἔχονοην
305 3310 334 3366 οἲ
352 3318 389 3380 V,
409 3266 642 3397 έχοντιηοίιρει,
666 3313 764 3385 έχονσι
783 3265 818 3370 άά
839 3319 900 3370 Pet.
919 3319 1020 3401 ερειιὶι.
1091 3321 1146 3371 δελ

133 3386 148 3432 6
171 3382 220 3433 καὶ
247 3399 340 3449 ωσπερ
367 3382 410 3450 Η]
509 3400 601 3451 ωσπερ
624 3389 660 3446 V,
756 3402 809 3453 περ
833 3393 903 3452 ρει,
934 3400 1030 3455 ωσπερ
1051 3386 1145 3455 spani.

134 3454 165 3500 10
184 3443 289 3504 έαντόν
307 3448 379 3516 Pei]
398 3445 519 3505 σεαντὸν
590 3457 621 3506 19
641 3447 714 3526 ῥᾷον
731 3455 766 3518 Η,
783 3455 926 3519 μαναύίίίκε
943 3456 1059 3521 interpr.
1071 3448 1158 3523 Pei]-

132 3511 235 3583 ῥηίδιον
304 3515 474 3587 24ὃέῙτεῗ
