2392 3960
129 122 192 186 326
429 122 572 173 ιυιῐιυι
593 120 843 172 τκεειιεεοειε

128 250 222 338 ήκειν
260 252 384 340 ἐκείνῳ.
438 244 531 335 ἡμεῖς
567 247 604 316 δὲ
640 262 709 328 τοῖς
736 237 914 337 ’παροῦσιν
951 245 1147 334 ἀγαπῶντες

130 352 182 424 ἀεὶ
210 358 353 424 καὶτῶν
376 353 532 423 ἀπόντων
559 352 676 442 ἥκιστα
703 353 981 442 μεταποιούμενοι
1009 355 1147 443 στέργο-

130 490 191 549 μεν
228 463 304 549 μέν,
339 457 464 530 ὁπόταν
502 457 519 528 ὁ
554 460 657 549 κήρυξ
696 463 828 549 ἐπαινῇ,
864 459 987 548 θεατής
1018 486 1054 528 τε
1091 461 1148 528 καὶ

131 566 383 656 συναγωνιστὴς
406 559 546 636 1πάντων
564 563 645 654 ἡμῖν
673 566 829 654 γεγονώς,
857 565 901 654 μὴ
920 563 1000 646 τοῦς
1023 564 1148 652 λόγους

34 678 39 687 “
130 674 398 763 παραδεξάμενος
426 679 473 754 είς
500 673 598 763 χάριν
625 675 681 742 καὶ
709 670 891 761 ἀπέχθειαν
923 675 996 762 εἰκῇ
1023 680 1171 741 πεπλαι

131 783 285 867 σμένους·
315 778 410 869 ἀρκεῖ
436 780 472 849 δὲ
500 776 581 867 ἡμίν
608 782 663 848 καὶ
687 788 798 867 φιλείυ
826 775 1001 867 ὁμολογοῦν
1028 778 1147 865 μόνον,

130 889 164 967 ἐς
192 886 229 955 δὲ
255 886 295 954 τά
324 885 407 955 ἀλλα
435 885 680 973 σιωπηλότερος
708 882 756 953 ἀν
784 887 840 953 καὶ
867 888 936 952 τῶν
954 884 1147 974 Πυθαγόρᾳ

87 995 363 1064 Βτελεσθὲντων.
401 995 550 1060 ἐνταῦθα
578 988 757 1080 ῦπίρχεταί
782 1019 838 1078 μοι
856 993 912 1059 καί
939 989 976 1059 τὸ
996 989 1146 1080 θρυλοῦ-
1183 1052 1186 1057 .

129 1127 248 1186 μενον,
277 1094 321 1178 οῦς
354 1096 417 1167 οῦκ
450 1105 497 1178 είς
527 1094 709 1187 Ἰλλυριοὺς
740 1097 862 1186 μόνον,
896 1093 978 1166 ἀλλά
1010 1097 1068 1165 καί
1101 1101 1145 1176 είς

132 1208 264 1294 Θρᾷκας
297 1202 400 1292 ἀφίξῃ
429 1205 485 1272 καί
512 1202 591 1284 τοῦς
618 1207 692 1293 περὶ
720 1204 781 1290 τὴν
813 1205 985 1273 θάλατταν
1013 1205 1144 1291 ἐκείνην
1156 1228 1175 1267 ιι

130 1314 307 1391 οἰκοῦντας
331 1307 508 1396 Ἕλληνας,
542 1313 578 1378 ἐν
611 1305 661 1391 οἷς
693 1311 861 1401 γενομένῳ
895 1336 952 1397 μοι
984 1310 1041 1378 καὶ
1069 1336 1143 1398 τρα-

130 1418 227 1505 φέντι
254 1414 359 1496 πολῦς
387 1417 559 1503 ἐντέτηκεν
587 1422 670 1505 ἔρως
697 1406 840 1504 ἀνδρῶν’
867 1441 902 1484 τε
929 1416 985 1484 καὶ
1013 1421 1143 1504 χωρίων
1183 1432 1186 1505 j

128 1523 184 1591 καὶ
212 1523 351 1592 πόλεων.
404 1532 483 1602 ίσως
516 1522 553 1590 δὲ
581 1519 622 1591 οῦ
655 1525 786 1609 φαῦλος
818 1519 900 1590 οὐδὲ
927 1523 1067 1590 ἐκείνων
1094 1523 1142 1589 ἐν·
1184 1508 1186 1559 ²

129 1630 360 1698 απολίλειπται
378 1643 450 1708 ταῖς
468 1642 592 1715 ψυχαῖς
617 1635 700 1716 ἔρως
726 1624 832 1716 ἡμῶν,
861 1623 912 1708 οἷς
931 1619 969 1696 εῦ
998 1623 1065 1696 οἶδ’
1097 1623 1142 1695 ὅτι
1182 1562 1186 1729 ἀ

76 1732 170 1808 252τό
210 1734 390 1821 λεγόμενον
423 1732 586 1814 ἀσπάσιος
624 1733 734 1803 ἐλθὼν
766 1730 818 1802 ἀν·
846 1736 974 1821 γένοιο,
1011 1737 1170 1803 δικαίανιι

129 1838 275 1929 ἀμοιβὴν
303 1837 496 1919 ἀντιδιδοὺς
516 1835 630 1919 αὐτοῖς
648 1836 731 1926 ῦπδρ
756 1831 804 1907 ὧν
822 1836 908 1926 ἡμᾶς
926 1838 1143 1919 ἀπολέλοιπας

129 1945 261 2016 ἐνθάδε.
308 1947 363 2014 καὶ
396 1947 497 2012 τοῦτο
530 1944 591 2031 μὲν
625 1942 688 2031 οὐχ
722 1939 766 2024 ῦς
798 1942 990 2032 εὐχόμενος·
1023 1946 1078 2013 ἐπὶ
1108 1940 1142 2010 τό

128 2082 166 2142 γε
195 2054 281 2120 ίέναι
309 2050 392 2140 πρὸς
420 2047 506 2138 ἡμᾶς
533 2049 594 2138 τὴν
614 2047 720 2137 αὐτὴν
747 2052 871 2138 ταχέως
890 2049 1044 2139 ἀμεινον·
1073 2044 1139 2118 ἀλλ’

129 2156 184 2244 ως,
213 2164 244 2226 εί
270 2160 417 2245 γένοιτο,
445 2158 501 2224 καὶ
528 2155 612 2245 πρὸς
639 2152 737 2225 τοῦθ’
769 2157 853 2237 ἕξων
881 2154 945 2225 οῦκ
972 2153 1143 2244 ἀπαραμυ-

128 2266 242 2353 θήτως
274 2261 355 2333 οῦδὲ
388 2260 659 2351 ἀψυχαγωγήτως
686 2265 810 2349 ἐννοῶ,
844 2269 1037 2352 συγγαίρων
1065 2263 1171 2330 ἐκεί-ν

129 2399 212 2457 νοις,
240 2369 292 2440 ὅτι
320 2392 356 2438 σε
384 2367 465 2458 παρ’
495 2365 591 2456 ἡμῶν
611 2367 759 2450 ὄψονται.
797 2376 935 2450 Κελτοῖς
962 2367 1026 2457 γὰρ
1046 2370 1142 2456 ἐμαυ-

129 2477 190 2546 τὸν
217 2475 281 2563 ἤδη
311 2474 367 2544 διὰ
396 2475 432 2543 σδ
461 2475 647 2562 συντάττω,
676 2473 785 2563 ἀνδρα
812 2481 860 2556 είς
886 2473 965 2556 τοῦς
992 2473 1144 2563 πρώτους

129 2587 197 2651 τάν
222 2578 389 2668 Ἑλλήνων
416 2585 575 2650 τελοῦντα
602 2583 657 2650 καὶ
685 2578 756 2649 κατ’
788 2578 951 2669 εὐνομίαν
977 2581 1035 2648 καί
1062 2575 1143 2648 κατά

180 2753 193 2799 1
207 2745 349 2814 παροῦσιν
362 2745 431 2814 VM]
446 2745 569 2811 παροῦσι
622 2752 691 2799 2et3
704 2741 858 2813 στέργομεν
870 2743 925 2828 μὲν
937 2745 976 2878 M}
995 2761 1062 2810 στερ
1068 2782 1140 2797 .....

128 2819 166 2882 V,
192 2814 336 2882 στέργο...
360 2823 429 2880 pet.⁷
460 2813 643 2883 στεργόμενον
662 2815 758 2880 spanh.
846 2818 862 2866 3
887 2831 959 2881 κηρν
994 2811 1035 2879 Μ]
1055 2810 1142 2878 κῆρυξ

127 2888 144 2935 4
171 2878 242 2950 ἡμῖν
270 2884 332 2937 add,
355 2886 414 2934 VM
447 2882 450 2948 Ι
483 2878 606 2948 γεγονὼς
633 2885 661 2932 Μ
687 2880 801 2949 spanh.]
830 2898 946 2949 γεγον..
976 2882 1016 2946 V,
1045 2876 1144 2947 γέγονε

127 2958 182 3018 pet.
215 2951 219 3015 Ι
252 2945 291 3018 μή
312 2951 373 3002 add.
392 2953 415 2999 V
434 2952 562 3025 spanh3
602 2953 617 3000 6
642 2950 740 3013 φιλεῖν
759 2947 833 3032 Pehl
851 2949 952 3015 φίλοιν
969 2950 995 3000 V
1012 2955 1080 3014 pet„
1098 2946 1144 3013 φί·

128 3022 188 3078 λοις
211 3020 252 3077 M,
279 3019 364 3082 φίλον
384 3021 479 3084 spanh.
512 3017 516 3082 Ι
548 3016 697 3083 ομολογάν
715 3015 795 3082 Cob.]
820 3019 973 3084 ομολογεῑν
1059 3014 1144 3068 ’ίετδ

128 3081 338 3152 οιωπηλότερος
357 3115 389 3123 -
407 3080 614 3150 τελεσθέντων]
640 3085 740 3136 suidas
758 3101 785 3135 v.
804 3080 985 3150 Πυθαγόρας
1005 3089 1034 3133 et
1052 3098 1080 3136 τι
1135 3074 1143 3093 ’

128 3158 144 3206 8
157 3149 357 3219 θρυλούμενον
368 3151 405 3220 Η]
417 3145 637 3219 θρυλλοῦμενον
676 3156 691 3203 9
706 3149 978 3211 είςτΙτεταωεᾶᾱΜ
1019 3154 1051 3203 12
1063 3096 1156 3218 ἕρτςῚ,

127 3215 222 3281 πίθος
240 3223 268 3271 Μ
340 3226 370 3273 13
384 3229 412 3272 et
424 3224 456 3270 14
474 3215 714 3273 ἐναπολὲλειπται
733 3222 798 3279 ταῖς
816 3224 926 3287 ψυχαῖς
943 3216 981 3285 Μ]
1005 3222 1072 3279 ταῖς
1088 3227 1143 3281 φτ·

129 3293 192 3357 γαῖς
222 3281 464 3342 ἒναπολέλειπται
535 3291 566 3338 15
589 3279 733 3346 ἀσπάσιος
750 3314 784 3323 -
802 3285 911 3353 γένοιο]
936 3286 1017 3337 Iliad.
1035 3303 1069 3350 κ,
1087 3282 1142 3351 861

127 3358 221 3423 γίνοιο
248 3359 277 3406 Μ
309 3356 313 3422 Ι
347 3355 467 3408 δικαίαν
495 3355 564 3421 VM]
592 3353 710 3406 δίκαιον
797 3358 829 3406 19
855 3354 966 3421 γίνοιτο
992 3353 1023 3405 Μ
1055 3353 1061 3421 Ι
1093 3348 1144 3419 82·

127 3433 183 3490 pet.
217 3427 221 3488 Ι
254 3417 493 3500 ἀπαραμυθήτως
511 3421 552 3489 Μ]
572 3413 826 3487 ἀπορραθνμήτως
895 3425 927 3474 22
952 3416 1004 3473 διά
1023 3417 1055 3475 σε
1073 3416 1141 3487 VH]

128 3489 178 3542 διοί
197 3507 228 3544 οε
307 3497 340 3545 23
358 3492 415 3544 τῶν
430 3487 572 3556 Ἐλλήνων
590 3489 629 3557 Μ]
643 3484 788 3555 Ἑλλήνων
