2392 3960
183 931 458 1006 Ιοναιααον
484 929 729 1004 ΚΑΙΣΑΡοΣ
755 928 1000 1003 ΕΤΣΕΒΙΑΣ
1100 868 1178 1000 ιον

328 1069 403 1118 ΤΗΣ
425 1067 629 1119 ΒΑΣΙΛΙΔΟΣ
653 1067 857 1121 ΕΓΚΩΜΙΟΝ.

169 1217 211 1280 Τί
235 1236 313 1280 ποτε
342 1209 405 1299 ἀρα
432 1209 496 1299 χρὴ
525 1214 737 1278 διανοεῖσθαι
755 1211 830 1298 περὶ
848 1212 916 1278 τῶν
944 1207 1099 1296 ὀφειλόν-

83 1344 153 1386 των
185 1318 310 1406 μεγάλα
342 1318 397 1385 καὶ
429 1313 514 1406 ὑπὲρ
541 1317 709 1404 μεγάλων,
743 1313 817 1385 ούτι
845 1317 930 1403 φημὶ
957 1323 1099 1405 χρυσίον
1158 1304 1188 1375 'J'

56 1421 166 1494 τούδὲ
195 1421 372 1513 ἀργύριον,
405 1421 488 1492 ἀλλά
516 1418 628 1504 ἁπλοῦς
655 1420 721 1509 ὅ,τι
749 1418 792 1490 ἀν
808 1423 901 1510 ,τύχη
933 1450 982 1504 τις
1009 1420 1099 1511 παρά
1164 1430 1168 1449 '

83 1533 147 1600 τού
178 1532 279 1610 πέλας
311 1521 349 1598 εὖ
380 1529 515 1598 παθών·
553 1527 623 1598 εἶτα
655 1531 791 1602 τοιαῦτα
828 1528 889 1616 μὲν
927 1525 1100 1598 ἀποτίνειν

52 1708 58 1725 ,
86 1633 163 1706 ούτε
192 1635 448 1726 ἐπιχειρούντων
477 1633 553 1703 ούτε
582 1637 844 1724 διανοουμένων,
873 1636 1035 1725 ῥᾳθύμως
1062 1634 1100 1704 δὲ

85 1744 141 1812 καὶ
170 1738 339 1833 ὀλιγώρως
366 1742 510 1829 ἐχόντων
528 1740 612 1831 πρὸς
639 1739 676 1810 τὸ
700 1740 740 1810 τά
761 1740 888 1810 δυνατὰ
916 1756 1025 1811 ποιεῖν
1043 1742 1099 1810 καὶ

85 1848 286 1918 διαλύεσθαι
322 1846 360 1917 τὸ
393 1847 542 1937 ὅφλημα;
579 1845 600 1936 η’
633 1850 739 1936 δῆλον
771 1845 821 1916 ὅτι
858 1849 1011 1935 φαύλους
1041 1849 1138 1916 καλΒ

44 1983 71 2021 10
84 1952 279 2044 μοχθηρούς
307 1957 497 2042 νομιστέον;
527 1952 666 2034 οὐδενὸς
695 1952 758 2044 γὰρ
779 1952 870 2042 οἶμαι
888 1957 966 2022 ’τῶν
989 1952 1099 2023 ἀλλων

84 2059 299 2149 ἀδικημάτων
332 2068 469 2130 έλαττον
501 2064 664 2150 μισοῦμεν
697 2057 892 2148 ἀχαριστίαν
923 2062 979 2128 καὶ
1013 2058 1098 2129 ὀνει-

85 2174 220 2255 δίζομεν
246 2182 316 2248 τοῖς
344 2165 549 2256 ἀνθρώποις,
578 2165 659 2236 ὅταν
677 2158 716 2235 εὖ
733 2166 901 2247 παθόντες
927 2168 1002 2256 περὶ
1019 2164 1100 2248 τοὺς

84 2272 260 2362 εὐεργέτας
288 2265 370 2342 ὦσιν
397 2271 581 2362 ἀχάριστοι·
609 2279 678 2342 ἔστι
707 2272 743 2341 δέ
772 2269 833 2360 ούχ
857 2264 955 2354 οὗτος
983 2269 1098 2360 ἀχάρι-

83 2402 163 2461 στος
199 2381 320 2468 μόνον,
357 2377 447 2461 ὅστις
479 2371 518 2448 εὖ
553 2378 676 2449 παθὼν
708 2382 772 2469 δρᾷ
808 2382 916 2461 κακῶς
948 2375 968 2467 ἢ
1000 2381 1099 2466 λέγει,

44 2516 69 2556 ιι
84 2485 169 2557 ἀλλά
197 2488 252 2555 καὶ
280 2484 370 2567 ὅστις
403 2489 510 2578 σιωπᾷ
542 2488 597 2555 καὶ
626 2483 843 2575 ἀποκρύπτει,
877 2487 965 2575 λήθη
993 2511 1098 2577 παρα-

85 2591 205 2673 διδούς
233 2594 288 2661 καὶ
316 2589 488 2680 ἀφανίζων
514 2590 573 2674 τάς
599 2593 743 2682 χάριτας.
788 2594 844 2660 καὶ
871 2596 929 2680 τῆς
946 2592 1007 2681 μὲν
1034 2603 1098 2680 θη-

83 2700 231 2788 ριώδους
259 2702 386 2787 ἐκείνης
413 2701 468 2768 καὶ
496 2695 730 2826 ἀπανθρωπρυ
749 2704 935 2787 μοχθηρίας
963 2698 1098 2786 σφόδρα

84 2804 182 2893 ὀλίγα
209 2807 265 2874 καὶ
294 2802 502 2897 εύαρίθμητα
529 2804 702 2895 κομιδη
668 2834 709 2874 τα
727 2811 989 2895 παραδείγματα
1017 2814 1096 2874 πολ·
1117 2818 1137 2872 C

83 2913 136 2981 λοὶ
165 2909 248 2980 δέ’
230 2910 480 3003 αποκρύπτουσι
506 2910 544 2980 τὸ
573 2917 686 2981 δοκεῖν
710 2915 748 2980 εὐ
774 2922 908 2998 παθεῖν,
937 2908 999 2980 οὐκ
1019 2909 1096 2980 οίδα

166 3120 248 3170 lew
266 3109 428 3170 Ἰουλιανου
450 3116 586 3197 καίσαρος
613 3107 744 3198 εὗσεβίας
767 3116 818 3183 τῆς
840 3109 1026 3196 βμοιλίδοςέ
1027 3108 1099 3200 χαύ-

83 3202 152 3252 μιον
170 3187 204 3270 V3
219 3177 383 3237 Ἰουλιανοῦ
403 3183 465 3250 (τού
484 3175 575 3237 αύτου
592 3185 632 3268 M)
650 3179 791 3252 ἐγκώμιον
813 3179 883 3251 πρὸς
899 3201 955 3265 την
973 3183 1099 3261 βασίλισ

84 3269 139 3306 σαν
156 3223 303 3335 Εύσεβίαν
326 3253 378 3302 Mv
446 3256 463 3303 4
485 3245 540 3305 ύπὲ
543 3250 576 3336 ρ]
543 3249 668 3321 ρπέρα
691 3254 760 3305 Cob
830 3255 845 3303 5
871 3247 942 3318 τύχη
962 3249 996 3316 V]
1017 3244 1098 3325 τύχοι

85 3325 99 3371 ⁷
124 3315 344 3386 διανοουμένων
362 3318 442 3385 Rsk]
466 3318 635 3401 δυναμένων
668 3320 672 3385 Ι
705 3312 847 3387 δαθύμων
864 3321 889 3370 V
974 3313 1099 3398 θδηλον

83 3405 128 3441 οτι
149 3385 183 3456 V]
204 3373 341 3455 δηλονότι
412 3392 444 3439 14
463 3376 506 3454 εύ]
524 3379 558 3440 ού
576 3396 632 3454 pet
651 3391 679 3440 M
699 3390 739 3451 (in
758 3388 864 3450 rasura)
891 3387 895 3453 Ι
921 3378 1027 3435 πιθὼν
1047 3400 1097 3436 om

81 3461 142 3525 pet.

885 3527 922 3593 9²¹³
