2392 3960
270 167 451 220 EPISTOLA
469 168 519 218 AD
536 168 776 222 THEMISTIUM.
964 172 1027 238 341

14 295 75 365 τὸν
109 291 314 384 Ἀριστοτέλη
351 293 411 364 τὸν
447 294 558 384 σοφὸν
595 295 721 377 ἐκάλεις
756 296 928 388 μάρτυρα,
964 299 1028 389 τὴν

14 399 234 489 εὐδαιμονίαν
262 404 299 469 έν
330 405 376 494 τῷ
408 403 563 492 πράττειν
590 393 629 471 εὖ
660 404 853 492 τιθέμενον,
880 407 938 474 καὶ
964 405 1028 495 τὴν

14 505 184 596 διαφοράν
212 511 404 577 σκοποῦντα
430 511 493 579 τοῦ
518 537 554 577 τε
580 513 754 579 πολιτικοῦ
778 515 858 598 βίον
885 513 942 580 καὶ
968 517 1028 602 τῆς

14 618 50 682 ἕν
71 617 113 703 τῇ
140 621 269 704 θεωρία
293 617 385 702 ζωῆς,
413 620 588 705 διαπορείν
611 613 692 684 άττα
718 618 794 706 περὶ
822 613 944 706 αῦτῦν,
971 621 1028 689 καὶ

14 719 73 808 τὴν
106 719 168 808 μὲν
199 727 349 807 θεωρίαν
382 724 419 790 έν
451 719 564 803 άλλοις
595 724 776 812 προτιμᾶν,
809 727 958 793 ἐπαινεῖν
990 726 1028 795 δὲ

14 830 163 896 ἐνταῦθα
181 824 261 907 τοῦς
277 830 346 895 τῶν
363 831 476 898 καλῶν
493 828 645 919 πράξεων
672 825 911 917 ἀρχιτέκτονας.
948 832 1026 900 τοῦ·

14 960 90 1014 τους
123 932 161 1001 δέ
193 930 294 1014 αὐτὸς
325 935 387 1022 μέν
419 932 506 1003 εἶναι
538 933 605 1024 φὴς
634 932 715 1015 τοὺς
747 937 916 1023 βασιλέας,
941 933 1025 1028 Ἀρι-
1045 951 1071 1005 Ι)

14 1042 167 1127 στοτέλης
204 1039 241 1108 δὲ
277 1049 410 1129 εἴρηκεν
446 1038 599 1130 οὐδαμοῦ
635 1038 719 1110 κατὰ
755 1039 818 1129 τὴν
858 1037 925 1111 ῦπὸ
963 1046 1028 1112 σοῦ

14 1156 257 1234 προστεθείσαν
284 1148 388 1235 λέξιν,
414 1150 517 1216 πλέον
544 1147 582 1216 δέ
608 1147 768 1236 θάτερον1
783 1150 817 1229 ἐξ
845 1138 894 1217 οῦν
920 1174 1026 1238 παρα-

14 1255 182 1343 μέμραφας
210 1250 253 1321 ῦν
269 1279 320 1334 τις
342 1254 481 1342 νοήσειε.
518 1252 556 1323 τὸ
580 1253 643 1345 γάρ
670 1254 849 1341 ,Μάλιστα
868 1254 906 1323 δὲ
924 1255 1026 1344 πράτ-

14 1386 80 1429 τειν
112 1361 251 1447 λέγομεν
282 1367 407 1449 κυρίως
438 1362 493 1429 καλ
530 1363 599 1429 τῶν
636 1361 839 1449 ἐξωτερικῶν
874 1362 1027 1450 πράξεων

14 1463 91 1548 τοῦς
118 1481 190 1547 ταῖς
217 1470 383 1547 διανοίαις
416 1463 673 1555 ἀρχιτέκτοναςιι
701 1472 749 1548 είς
775 1466 856 1549 τοῦς
881 1471 1025 1555 νομοθέ-

14 1600 70 1653 τας
110 1574 166 1641 καὶ
206 1569 287 1653 τοῦς
323 1570 516 1654 πολιτικοὺς
556 1573 768 1662 φιλοσόφους
807 1574 864 1642 καὶ
900 1574 1029 1656 πάντας

14 1675 124 1766 ιἰπλῷς
150 1677 229 1760 τοῦς
256 1681 305 1770 νῷ
333 1705 368 1747 τε
395 1681 451 1748 καὶ
469 1678 559 1772 λόγῳ
585 1679 800 1770 πράττοντας,
829 1676 904 1768 οῦχλ
922 1679 961 1748 δὲ
979 1685 1027 1761 είς

14 1783 91 1865 τοῦς
119 1782 330 1875 αῦτουρμοῦς
357 1787 413 1854 καὶ
440 1789 508 1854 τάν
534 1788 715 1855 πολιτικῶν
741 1784 895 1876 πράξεων
924 1785 1082 1877 {ord-264

14 1908 70 1972 τας
98 1894 254 1981 εἰρῆσθαι
281 1892 470 1979 νομιστέον·
499 1886 550 1972 οἷς
568 1888 631 1960 οῦκ
649 1888 779 1979 άπόχρη
798 1890 905 1980 μόνον
924 1894 1027 1962 ἐνδυ-

14 2001 164 2085 μηθῆναι
190 1999 246 2066 καλ
274 2001 478 2084 κατανοῆσαι
496 1999 553 2066 καὶ
570 1995 608 2068 τὸ
627 1999 794 2086 πρακτέον
820 2011 891 2078 τοῖς
914 1995 1028 2080 ἄλλοις

14 2105 155 2193 φράσαι,
187 2104 346 2193 προσήκει
379 2103 416 2172 δέ
443 2100 559 2185 αῦτοίς
592 2105 713 2174 ἕκαστα
744 2109 1028 2193 μεταχειρίζεσθαι

14 2212 67 2279 καὶ
95 2211 251 2300 πράττειν
279 2201 328 2279 ὦν
347 2214 383 2279 οί
406 2211 505 2299 νόμοι
524 2209 762 2300 διαγορεῦουσι
785 2211 842 2279 καὶ
869 2209 1027 2292 πολλάκις

14 2320 48 2387 οἱ
78 2319 190 2406 καιροὶ
221 2317 547 2406 προσαναγκάζουσι,
583 2314 672 2405 πλὴν
704 2321 736 2386 εί
766 2313 810 2405 μὴ
842 2314 903 2384 τὸν
935 2314 1027 2408 άρχι·

14 2425 149 2492 τέκτονα
185 2427 368 2511 καλοῦμεν,
406 2424 559 2512 καθάπερ
588 2421 735 2513 Ὅμηρος
771 2419 832 2491 τὸν
865 2417 1028 2512 Ἡρακλέα

14 2539 126 2598 καλεῖν
145 2539 266 2599 είωθεν
285 2533 322 2600 έν
339 2530 380 2620 τῇ
397 2529 528 2619 ποιήσει
546 2529 700 2619 μεγάλων
719 2532 889 2619 ἐπιίστορα
908 2534 1027 2619 ἔργων,

14 2633 283 2725 αὐτουργότατον
302 2633 460 2706 ἁπάντων
479 2636 671 2725 γενόμενον.
704 2641 736 2705 εί
749 2635 787 2705 δέ
796 2632 884 2705 τοῦτ’
902 2631 1063 2724 άληθέςΒ

14 2739 294 2831 ὑπολαμβάνομεν
326 2739 347 2831 ἢ
380 2744 436 2811 καί
468 2742 575 2831 μόνον
612 2740 693 2824 τοῦς
724 2745 762 2827 ἐν
792 2744 839 2834 τῷ
872 2741 1027 2833 πράττειν

14 2846 52 2917 τά
81 2849 179 2917 κοινά
206 2877 317 2938 φαμεν
337 2847 540 2938 εῦδαίμονας
566 2856 706 2940 κυρίους
724 2846 826 2929 ὄντας
852 2849 908 2916 καὶ
931 2854 1026 2934 βασι-

14 2954 172 3036 λεύοντας
198 2958 342 3042 πολλάν,
369 2961 406 3024 τί
428 2980 508 3024 ποτε
535 2957 610 3044 περὶ
638 2952 841 3045 Σωκράτους
867 2955 1027 3044 έροῦμενς

14 3061 225 3151 Πυθαγόραν
254 3063 290 3132 δέ
317 3063 374 3130 καὶ
392 3052 607 3152 Δημόκριτον
634 3061 690 3130 καὶ
717 3058 779 3131 τὸν
801 3060 1061 3148 Κλαζομένιον·

98 3327 206 3390 4άττα
224 3341 249 3391 V
334 3333 487 3398 ὅτοῦτους
506 3336 538 3404 V]
557 3330 666 3390 τοῦτον
751 3333 861 3393 8κατά
879 3334 958 3402 Oob.]
977 3333 1027 3388 καί

14 3409 43 3458 [1
62 3404 121 3456 τῶν
138 3406 252 3463 Ατὶοίολ.
270 3407 330 3458 Pol.
349 3407 412 3469 VH,
431 3408 447 3457 3
456 3420 491 3489 φ.
506 3408 580 3464 1325.
593 3401 624 3472 b]
643 3399 675 3458 τά
745 3407 778 3458 12
795 3407 862 3465 ταῖς
880 3402 1029 3484 διανοίαις

14 3470 108 3538 Arist]
126 3467 178 3539 τῆς
197 3472 331 3534 διανοίας
411 3475 443 3525 21
466 3469 594 3540 Ομηρος]
615 3472 714 3540 Odyss.
733 3488 765 3538 φ,
784 3475 817 3524 26
897 3474 929 3523 23
947 3469 1015 3523 τοῦτ

14 3537 46 3607 V]
68 3537 153 3591 τοῦτο
222 3545 256 3593 24
274 3536 342 3603 τοῦς
360 3542 453 3592 malim
469 3546 536 3592 ante
555 3540 672 3607 κυρίους
690 3535 778 3601 ὄντας
795 3547 976 3606 transponere
