2370 3908
120 154 181 218 136
417 153 560 206 IULlANI
582 152 832 204 Ιυεεοεοοεεε

119 280 261 369 ποιητὴν
289 283 506 368 ἐπαινέσομεν
533 276 704 368 Εὐσεβίαν
735 276 797 367 τὴν
825 276 981 369 ἀρίστην,
1014 282 1137 350 ἐπιθυ-

119 392 259 478 μοῦντες
291 387 352 475 μὲν
385 393 524 456 ἔπαινον
557 383 659 474 αὐτῆς
692 384 786 468 όξιον
819 388 1019 473 διεξελθεῖν,
1048 383 1137 473 ἄγα-

118 498 246 575 πῶντες
273 495 321 580 δέ,
350 499 380 562 εί
406 496 461 562 καὶ
490 499 629 582 μετρίως
655 492 878 581 τυγχάνοιμεν
905 489 993 562 οὕτω
1021 495 1138 562 καλῶν

119 603 174 669 καὶ
211 603 345 670 πολλῶν
383 600 665 688 έπιτηδευμότων;
704 596 745 667 οὐ
782 602 850 667 τῶν
887 596 1029 686 ἀγαθῶν
1065 602 1137 668 τῶν

119 703 339 796 ὑπαρχόντων
372 709 495 795 ἐκείνη,
528 705 751 795 σωφροσύνης
783 706 838 774 καὶ
867 705 1085 793 δικαιοσύνης
1112 702 1166 794 ἢε

119 804 305 904 πρᾳότητος
332 815 387 882 καί
416 815 590 893 ἐπιεικείας
617 809 637 900 ἢ
665 814 723 900 τῆς
750 812 825 900 περὶ
853 810 914 880 τὸν
941 809 1049 903 ἄνδρα
1078 840 1136 899 φι-

119 927 192 1001 λίας
224 917 244 1007 ἢ
275 922 334 1007 τῆς
369 921 444 1009 περὶ
476 915 516 987 τδι
554 918 703 1008 χρήματα
739 924 986 1006 μεγαλοψυχίας
1021 913 1043 1005 ἢ
1075 921 1138 1007 τῆς

79 1027 195 1117 Βπερὶ
232 1024 311 1106 τοὺς
348 1030 492 1106 οἰκείους
523 1026 578 1093 καὶ
617 1026 786 1109 ξυγγενεῖς
821 1028 924 1113 τιμῆς.
953 1024 1137 1113 ’προσήκει

120 1131 157 1199 δὲ
190 1129 282 1219 οἶμαι
319 1130 470 1219 καθάπερ
509 1140 636 1218 ίχνεσιν
674 1130 838 1218 ἑπόμενον
874 1145 944 1212 τοῖς
975 1128 1040 1219 ἤδη
1075 1133 1136 1219 ῥη-

118 1248 231 1306 θεῖσιν
260 1233 347 1305 οὕτω
375 1247 546 1306 ποιεῖσθαι
573 1235 635 1324 τὴν
663 1234 725 1317 ξὺν
743 1234 892 1328 εὐφημία
918 1236 1022 1324 τόξιν,
1050 1233 1136 1306 ιίπο·
1153 1268 1178 1308 10

120 1343 258 1412 διδόντα
289 1340 351 1430 τὴν
384 1340 491 1431 αὐτὴν
527 1345 653 1432 ἐκείνη,
686 1347 847 1434 πατρίδος
877 1370 927 1430 τε,
960 1338 1004 1424 ῶς
1036 1343 1138 1431 είκός,

119 1450 175 1517 καὶ
206 1450 360 1537 πατέρων
392 1449 661 1537 μνημονεύοντα,
694 1450 747 1518 καὶ
782 1446 872 1530 ὅπως
904 1449 1045 1538 ἐγήματο
1079 1451 1137 1519 καί

122 1547 231 1646 ῶτινι,
259 1556 314 1623 καί
342 1547 444 1624 τᾶλλα
471 1555 579 1624 πάντα
607 1553 667 1624 τὸν
699 1552 805 1625 αὐτὸν
833 1558 972 1637 ἐκείνοις
999 1555 1137 1646 τρόπον.

201 1662 285 1749 Περὶ
314 1660 375 1748 μὲν
403 1653 467 1730 οὖν
494 1665 551 1750 τῆς
578 1666 737 1750 πατρίδος
764 1660 869 1732 πολλὰ
897 1660 1003 1750 σεμνὰ
1025 1664 1137 1750 λέγειν

122 1772 220 1854 έχων,
253 1764 293 1834 τὰ
326 1766 387 1855 μὲν
420 1765 475 1835 διὰ
507 1768 710 1855 παλαιότητα
741 1767 905 1859 παρήσειν
937 1796 994 1857 μοι
1027 1771 1136 1838 δοκῶ·
1152 1798 1177 1839 ιτ

85 1879 276 1961 Οφαίνεται
309 1872 372 1962 γδιρ
409 1871 496 1942 εἶναι
527 1877 596 1943 τῶν
627 1875 749 1963 μόθων
781 1873 822 1944 οὐ
849 1874 982 1966 πόρρω·
1015 1871 1136 1945 ὁποῖον

121 1975 163 2067 δή
191 2008 222 2048 τι
249 1981 304 2048 καί
333 1978 370 2048 τὸ
399 1982 473 2070 περὶ
501 1983 570 2049 τῶν
592 1983 746 2050 Μουσῶν
773 1980 965 2069 λεγόμενον,
994 1977 1038 2063 ῶς
1067 1979 1137 2051 εἶεν

122 2085 296 2174 δήπουθεν
324 2089 360 2155 ἐκ
387 2090 444 2174 τῆς
471 2093 627 2176 Πιερίας,
657 2083 732 2174 οὐχὶ
760 2086 798 2155 δὲ
826 2088 859 2168 ἐξ
883 2082 1060 2169 Ἑλικῶνος
1089 2093 1136 2170 είς

121 2190 181 2261 τὸν
200 2191 375 2280 Ὄλυμπον
403 2190 580 2280 ἀφίκοιντο
599 2191 689 2283 παρὰ
716 2190 777 2262 τόν
795 2194 919 2283 πατέρα
947 2201 1135 2281 κληθεῖσαι.

120 2302 219 2367 τοῦτο
248 2298 309 2386 μέν
341 2297 382 2387 δὴ
411 2300 467 2368 καὶ
495 2305 526 2368 εί
553 2299 594 2387 δή
622 2328 653 2367 τι
685 2301 840 2368 τοιοῦτον
872 2300 1001 2389 ἕτερον,
1033 2301 1176 2393 μόθῳεο

121 2408 248 2492 μᾶλλον
285 2401 306 2492 η’
339 2405 427 2496 λόγῳ
465 2409 652 2494 προσῆκον,
691 2402 925 2474 ἀπολειπτέον·
964 2401 1061 2492 όλίγα
1099 2407 1137 2475 δὲ

121 2517 226 2578 εἰπεῖν
253 2514 321 2578 τῶν
348 2513 430 2579 πᾶσι
458 2518 637 2601 γνωρίμων
668 2509 771 2599 τυχὸν
799 2508 862 2580 οὐκ
894 2509 1021 2581 ίίτοπον
1053 2509 1137 2582 αόδὲ

121 2613 186 2684 όίπο
219 2619 280 2685 τοῦ
307 2616 474 2706 παρόντος
501 2617 613 2703 λόγου.
660 2618 872 2687 Μακεδόνων
909 2615 973 2707 γὰρ
1011 2625 1136 2688 οίκίσαι

122 2724 206 2809 φασί
233 2720 295 2811 τὴν
322 2721 435 2811 χῶραν
462 2721 542 2804 τοὺς
557 2720 757 2812 Ἡρακλέους
784 2724 956 2811 ἐγγόνους,
982 2727 1137 2813 Τημένου

79 2843 104 2896 D
123 2834 256 2917 παῖδας,
284 2834 321 2898 οἳ
345 2826 406 2916 την
422 2825 574 2919 Ἀργείαν
601 2832 695 2917 λῆξιν
713 2830 891 2918 νεμόμενοι
916 2831 972 2899 καὶ
1001 2831 1136 2901 στασιοί-
1149 2859 1176 2901 ει

189 2982 277 3032 3et4
294 2977 391 3034 καλῶν
408 2979 459 3034 καί
477 2981 590 3035 πολλῶν
609 2981 642 3050 V]
660 2983 774 3034 πολλῶν
793 2980 844 3036 καὶ
861 2981 968 3035 καλῶν.
994 2983 1039 3036 Of.
1055 2986 1136 3038 4le
1158 2972 1170 2985 ‘

125 3052 153 3098 et
175 3048 299 3099 Lobeck.
323 3049 462 3116 Paralip.
487 3067 512 3116 p
532 3053 566 3102 60
644 3045 729 3132 4οό]
754 3049 804 3102 καί
828 3051 917 3101 Ρεε.Ι
908 3068 937 3101 m
960 3051 1003 3102 ed.
1022 3054 1048 3103 fl.
1069 3053 1136 3109 Rsk

122 3115 254 3166 audacter
278 3117 390 3167 scribit:
415 3067 707 3199 ίπιτηδευμότων.’
690 3118 787 3184 απορῶ
810 3113 864 3183 μὲν
885 3106 939 3170 οὖν
962 3108 1032 3171 ὅταν
1054 3108 1136 3183 ἅψω-

120 3199 173 3262 μαι
196 3179 310 3264 πρῶτον
337 3183 394 3235 τῶν
420 3178 552 3251 ιίγαθων
592 3187 668 3237 Fort.
690 3186 866 3239 scribendum
894 3203 985 3246 ουτως
1011 3180 1137 3253 ἀγαθῶν

122 3241 319 3316 υπαρχόντων
396 3255 412 3303 8
437 3253 585 3319 ξυγγενεις
608 3254 676 3318 VM]
694 3257 842 3335 συγγενεῖς
929 3257 961 3305 10
966 3254 1080 3334 τᾶξιν,
1104 3263 1136 3308 ut

121 3319 200 3380 solet,
219 3317 244 3368 V
313 3321 344 3369 11
370 3311 466 3388 ἐκείνη
485 3318 521 3386 V]
542 3314 659 3442 ἐκείνην
729 3326 760 3374 13
782 3307 872 3373 τᾶλλα
889 3323 915 3374 V
943 3313 1034 3374 ταλλα
1106 3326 1136 3375 16

123 3357 208 3468 εἷναί]
229 3379 310 3467 οἶμαι
329 3389 354 3434 V
424 3338 466 3440 18η
474 3384 516 3449 είς
534 3387 603 3455 VM]
638 3407 651 3449 ς
709 3392 741 3441 21
759 3378 843 3471 όλίγιι
859 3389 918 3440 VM
950 3383 1014 3456 ε’λίγ
1016 3407 1051 3443 ον
1102 3394 1137 3445 23

121 3446 179 3504 όίπο
197 3446 303 3574 θΜ]ἒ’
285 3447 342 3506 απδ
370 3454 374 3518 Ι
401 3452 511 3508 οἰκίσαι
529 3455 563 3524 V]
583 3453 699 3524 οἰκῆσαι
768 3459 803 3508 24
820 3449 912 3524 ἡρακλ
930 3474 961 3519 ος
979 3408 1028 3525 Vr!
1054 3452 1137 3528 ἐγγό-

121 3537 188 3582 νους
208 3515 277 3587 vj&
279 3514 401 3588 κγόνους
