2392 3960
97 156 160 221 236
397 155 539 207 IULIANI
562 155 805 207 IMPERATORIS

98 285 192 372 μένοι
223 287 291 352 τῶν
318 283 428 369 λόγων
460 278 700 372 ὀλιγωρησειαν
732 280 1112 373 προσκατανελάσαντες,

63 404 85 456 Β
101 389 210 479 ὥσπερ
238 393 343 460 ἐνίοτε
361 393 429 459 τῶν
455 394 701 479 παιδευτηρίων
719 390 774 458 καὶ
800 392 868 458 τῶν
886 395 1113 479 δικαστηρίων

99 502 134 566 οἱ
158 496 257 578 κύνες
283 511 353 578 τοῖς
371 502 590 584 προπυλαίοις
616 499 878 584 προσουρούσιν,
906 493 948 565 ού
963 497 1113 585 φροντίς

95 600 314 692 Ἱπποκλείδῃ·
347 603 403 671 καὶ
431 601 494 692 γάρ
523 599 602 671 οὐδὲ
629 604 697 670 τῶν
721 607 887 671 ’κυνιδίων
914 599 995 690 ἡμῖν
1022 603 1113 690 μέλει

99 708 139 777 τά
170 712 308 778 τοιαῦτα
339 708 630 797 πλημμελούντων.
681 711 781 797 δεῦρο
815 700 879 777 οὖν
911 706 1047 778 ἀνωθεν
1075 711 1137 778 ἐντ

99 822 292 904 κεφαλαίοις
320 817 542 903 διεξέλθωμεν
570 817 687 905 ἐφεξῆς
712 813 773 885 τὸν
800 815 917 902 λόγον,
945 819 1002 884 ἵνα
1031 812 1113 903 ύνὲρ

100 922 240 992 ἑκάστου
272 921 309 992 τὸ
337 925 507 1013 προσηκον
535 919 752 1004 ἀποδιδόντες
783 918 884 991 αύτοί
906 949 941 991 τε
968 919 1113 992 εὐκολώ-

99 1057 195 1118 τερον
222 1026 488 1119 ἀπεργασύμεθα
506 1027 604 1098 τοῦθ’
635 1026 715 1118 ὅπερ
739 1029 964 1118 διενοήθημεν
982 1029 1038 1098 καὶ
1057 1029 1114 1098 σοὶ

99 1136 290 1224 ποιήσωμεν
326 1132 674 1226 εὐπαρακολούθητον.
728 1131 856 1205 ούκοῦν
897 1134 1010 1223 ἐπειδὴ
1052 1133 1114 1204 τὸν

65 1239 266 1330 Οκυνισμὸν
293 1240 383 1323 εἶδός
400 1269 431 1310 τι
449 1247 653 1330 φιλοσοφίας
680 1239 766 1311 εἶναι
790 1244 1010 1330 συμβέβηκεν,
1038 1239 1114 1312 ούτι
1128 1266 1152 1305 ιο

100 1348 312 1434 φαυλότατον
344 1345 426 1418 οὐδὲ
458 1345 671 1436 ἀτιμότατον,
709 1345 792 1417 ἀλλὰ
823 1364 894 1431 τοῖς
925 1353 1115 1436 κρατίστοις

100 1455 289 1543 ε’νάμιλλον·
322 1451 418 1542 ὀλίγα
445 1455 609 1543 πρότερον
640 1451 724 1543 ὑπὲρ
751 1452 854 1544 αὐτῆς
886 1455 1006 1543 ῥητέον
1033 1450 1116 1543 ἡμῖν

101 1563 169 1630 ἐστι
195 1563 254 1649 τῆς
280 1563 491 1649 φιλοσοφίας.
731 1642 734 1649 ν

177 1663 220 1734 ‘H
247 1671 316 1736 τῶν
346 1670 439 1737 θεῶν
471 1672 518 1749 είς
549 1663 754 1756 ἀνθρώπους
785 1668 879 1749 δόσις
911 1665 979 1754 ἅμα
1006 1695 1115 1755 φανο-

100 1773 187 1864 τάτφ
213 1775 295 1862 πυρί
315 1772 372 1842 διά
390 1775 599 1861 Προμηθέως
626 1775 659 1855 ἐξ
677 1769 775 1861 ἡλίου
802 1772 883 1861 μετά
909 1777 967 1862 τῆς
990 1769 1114 1864 Ἑρμοῦ
1128 1797 1154 1838 15

101 1883 235 1967 μερίδος
267 1876 329 1968 ούχ
361 1878 475 1968 ἕτερόν
507 1881 576 1949 ἐστι
607 1877 698 1970 παρά
729 1877 791 1968 τὴν
826 1882 889 1950 τού
921 1880 1025 1966 λόγου
1058 1883 1116 1950 καλ

101 1987 165 2055 νοῦ
192 1986 365 2076 διανομήν.
403 1982 421 2055 δ
450 1986 513 2076 γάρ
536 2013 587 2054 τοι
614 1987 833 2075 Προμηθεύς,
860 1983 881 2074 ἡ
908 1986 1018 2057 πάντα
1045 1988 1115 2056 ἐπι·

100 2092 311 2182 τροπεύουσα
346 2090 386 2161 τά
426 2090 538 2180 θνητά
578 2092 735 2182 πρόνοια,
776 2096 907 2181 πνεύμα
946 2098 1116 2182 ἔνθερμον

37 2206 81 2261 *D
102 2195 212 2287 ὥσπερ
240 2197 387 2286 ὄργανον
414 2195 653 2287 ὑποβάλλουσα
681 2202 721 2288 τῇ
748 2199 865 2287 φύσει,
893 2196 996 2269 άπασι
1023 2190 1128 2288 μετέ--

101 2309 209 2374 δοικεν
241 2302 419 2394 ἀσωμάτου
451 2305 568 2392 λόγου·
599 2305 733 2394 μετέσχε
766 2304 803 2374 δὲ
835 2308 975 2383 ἕκαστον
1009 2296 1115 2397 ούπερ
1129 2330 1156 2370 ιο

100 2408 266 2499 ἠδύνατο,
298 2408 338 2480 τά
370 2410 431 2500 μὲν
462 2409 577 2500 ἀψυχα
608 2411 744 2500 στύματα
776 2414 834 2500 τῆς
869 2415 967 2494 ἕξεως
997 2411 1117 2500 μόνον,

9 2560 11 2564 -
100 2516 141 2586 τά
168 2516 259 2604 φυτά
286 2517 323 2586 δὲ
349 2516 415 2607 ἥδη
442 2520 499 2587 καὶ
526 2516 692 2607 σώματος,
718 2516 759 2588 τά
787 2522 851 2610 ζῷα
879 2519 916 2588 δὲ
943 2521 1068 2607 ψυχῆς,
1097 2515 1116 2589 δ

102 2623 138 2691 δὲ
171 2621 353 2713 ἅνθρωπος
383 2626 439 2693 καὶ
471 2627 605 2713 λογικῆς
636 2628 754 2714 ψυχῆς.
804 2628 869 2694 είσὶ
896 2624 957 2714 μὲν
990 2616 1054 2694 ούν
1083 2632 1121 2695 οἳ

101 2737 182 2816 μίαν
209 2740 339 2799 οίονται
367 2726 424 2800 διά
451 2730 580 2800 τούτων
611 2731 748 2801 πάντων
775 2729 868 2819 ἥκειν
896 2732 1017 2820 φύσιν,
1049 2734 1116 2801 είσλ

102 2835 140 2906 δέ
168 2843 204 2907 οἳ
226 2835 283 2906 καὶ
310 2833 381 2905 κατ’
412 2834 502 2919 εἶδος
528 2835 651 2919 ταύτας
679 2839 861 2928 διαφέρειν.
906 2835 989 2908 ἀλλά
1015 2838 1115 2927 μήπω
1130 2861 1157 2904 τι

101 2944 217 3030 τούτο,
243 2945 370 3031 μᾶλλον
397 2942 434 3013 δὲ
462 2943 545 3032 μηδὲ
573 2946 610 3013 ἐν
636 2947 683 3036 τῷ
710 2947 777 3013 νύν
802 2944 892 3037 λόγῳ
919 2946 1020 3014 τούτο
1048 2947 1117 3037 ἐξε-

172 3188 185 3234 1
204 3177 526 3251 προσκαταγελάταντες
544 3185 580 3254 Η]
598 3179 904 3253 προκατυγελάσαντες
964 3188 981 3238 8
999 3185 1050 3239 καλ
1068 3185 1118 3241 πολ

102 3253 139 3316 Η]
158 3250 211 3303 καί
228 3267 271 3304 σοι
342 3257 373 3304 14
391 3254 464 3304 plat.
483 3254 591 3305 Phileb.
611 3253 677 3305 160
697 3253 702 3315 Ι
722 3247 877 3320 φανοτάτη)
895 3252 932 3322 Η]
947 3247 1116 3324 ’φανοτάτφ

104 3323 135 3372 16
161 3317 354 3388 Προμηθέως]
381 3323 470 3383 „Post
495 3322 586 3385 Προμ.
611 3323 721 3373 videtur
746 3322 931 3388 καταχθεῑσα
957 3322 1000 3374 vol
1027 3325 1117 3376 κατοέ

101 3389 278 3453 πεμφθεῖσα
299 3387 425 3440 δοεεεολί
451 3389 518 3442 Rsk.
554 3389 616 3440 Vid.
641 3389 740 3440 Suidas
761 3405 788 3441 v.
811 3384 917 3453 Δῶρος.
953 3389 1116 3454 (wyttenb.

103 3457 138 3506 ad
156 3458 228 3507 Plut.
247 3471 312 3506 mor.
330 3457 410 3519 990)
480 3459 513 3507 *λλ
537 3450 676 3524 σώματος]
695 3457 832 3521 „Videtur
849 3457 982 3509 mendosa
1000 3457 1116 3513 lectio.“

101 3525 162 3574 Pet.
231 3524 264 3575 λδ
282 3518 401 3590 ταύτας]
421 3522 534 3577 ταύταθ
