2392 3960
104 153 168 218 252
406 151 548 211 ιυοιωο
565 149 815 202 ιιιεειιευοειε

106 302 219 369 μασιν,
246 278 396 348 ἐνταῦθά
423 304 490 348 που
517 277 554 347 τὸ
579 274 793 365 εὐδαιμονεῖν
820 279 1126 365 πολυπραγμονοῦ-

106 407 169 456 σιν.
216 387 285 455 ἐπελ
314 384 351 454 δὲ
383 381 463 472 ἡμῖν
496 381 598 453 οὐδέν
625 411 656 451 τι
688 388 901 472 παραπλησία
933 381 1024 470 ψυχὴ
1053 397 1125 464 τοῖς

106 491 219 580 άλλοις
245 492 443 580 ένέσπαρται
469 489 573 582 ζῴοις,
601 487 672 559 ἀλλ’
703 499 767 559 είτε
795 486 867 559 κατ’
898 485 1021 557 οὐσίαν
1050 493 1124 557 δια-

107 600 257 688 φέρουσα
286 607 350 666 είτε
370 594 470 686 οὐσίηι
498 596 559 684 μέν
578 593 775 684 οἰδιάφορος,
804 598 953 684 ἐνεργείᾳ
978 594 1015 664 δὲ
1033 594 1125 684 μόνη

105 711 275 793 κρείττων,
304 701 414 792 ὥσπερ
443 701 536 790 οἶμαι
563 700 600 772 τὸ
619 700 774 791 καθαρὸν
800 699 865 789 ἤδη
893 706 1037 789 χρυσίον
1061 705 1152 771 τοῦε

31 830 33 834 “
107 812 390 900 συμπεφυρμένου
422 813 462 898 τη
494 809 631 900 ψάμμῳ·
668 810 796 895 λέγεται
833 805 896 896 γάρ
932 808 989 876 καὶ
1022 798 1124 889 οὗτος

107 912 124 986 ὁ
162 917 260 1003 λόγος
295 918 370 1006 περὶ
407 917 464 1004 τῆς
505 919 613 1003 ψυχῆς
649 911 694 995 ὡς
730 910 859 1002 ἀληθὴς
894 909 961 982 ὑπό
998 934 1124 983 τινων·

59 1036 86 1090 D
105 1019 199 1111 ἡμεῖς
226 1020 268 1110 δὴ
288 1014 351 1090 οὐν
374 1020 486 1108 ἐπειδὴ
515 1022 677 1109 σύνισμεν
696 1016 810 1101 αὐτοῖς
838 1011 915 1089 οὖσι
941 1022 1010 1088 τῶν
1029 1019 1125 1112 ζῴων

107 1129 351 1217 ξυνετωτέροις·
379 1126 462 1196 κατὰ
480 1126 544 1217 γάρ
570 1126 630 1197 τὸν
648 1127 878 1216 Πρωταγόρου
901 1128 1017 1214 μῦθον
1040 1127 1125 1195 ἐκεί-

106 1261 179 1314 νοις
206 1233 267 1321 μὲν
293 1230 314 1320 ἡ
343 1233 445 1321 φύσις
474 1230 583 1323 ὥσπερ
610 1232 717 1322 μήτηρ
745 1231 832 1319 άγαν
856 1238 1038 1320 φιλοτίμως
1065 1234 1123 1302 καὶ
1137 1259 1163 1298 ιο

107 1338 348 1428 μεγαλοδάρως
374 1342 604 1429 προσηνέχθη,
637 1335 718 1427 ἡμῖν
746 1339 784 1408 δὲ
817 1335 892 1407 ἀντὶ
923 1337 1061 1407 πάντων
1088 1342 1126 1409 έκ

106 1444 191 1526 Διὸς
219 1441 237 1515 ὁ
271 1448 353 1526 νούς
385 1445 505 1534 ἐδόθη·
537 1445 599 1535 τὴν
631 1443 851 1533 εὐδαιμονίαν
883 1446 1034 1514 ἐνταῦθα
1066 1455 1125 1514 θε-

107 1553 195 1637 τέον,
223 1553 260 1619 έν
286 1554 333 1643 τῷ
352 1559 515 1644 κρατίστῳ
543 1553 598 1621 καὶ
619 1551 871 1642 σπουδαιοτάτφ
890 1553 958 1619 τῶν
976 1552 1015 1619 έν
1034 1547 1125 1640 ἡμῖν.

107 1656 222 1726 σκόπει
255 1657 312 1745 δή,
343 1657 465 1745 ταύτης
497 1664 529 1727 εί
558 1657 602 1746 μὴ
636 1657 777 1746 μάλιστα
809 1660 867 1745 τῆς
898 1658 1124 1745 προαιρέσεως

106 1757 149 1851 ἦν
176 1764 357 1851 Διογένης,
391 1760 428 1844 δς
454 1762 491 1832 τὸ
524 1763 586 1852 μὲν
619 1767 713 1852 σῶμα
744 1763 963 1844 τοῖς,πόνοις
996 1759 1158 1852 άνέδηνω

106 1884 272 1958 παρεῖχεν,
300 1874 357 1938 ἵνα
385 1867 466 1940 αὐτὸ
491 1874 549 1958 τῆς
576 1871 710 1958 φύσεως
737 1869 994 1958 ῥωμαλεώτερον
1022 1897 1120 1939 κατα-

54 1976 227 2064 19σστήση,
254 1975 410 2064 πράττειν
438 1976 475 2045 δὲ
497 1974 593 2065 ἠξίου
621 1977 728 2063 μόνον
756 1971 863 2044 ὁπόσα
892 1971 935 2043 άν
962 1979 1058 2064 φανῇ
1075 1978 1120 2068 τῷ

106 2082 195 2173 λόγῳ
223 2085 378 2171 πρακτέα,
405 2081 485 2165 τούς
513 2082 550 2152 δὲ
577 2085 613 2152 έκ
631 2085 693 2152 τοῦ
721 2081 872 2170 σώματος
900 2084 1121 2168 ἐμπίπτοντας

106 2191 146 2276 τῇ
183 2191 273 2276 ψυχῇ
310 2188 499 2277 θορύβους,
537 2183 591 2258 οἷα
627 2188 784 2269 πολλάκις
819 2184 905 2276 ἡμᾶς
946 2185 1121 2274 ἀναγκάζει

106 2296 200 2362 τουτί
231 2292 268 2363 τὸ
296 2300 526 2384 περικείμενον
553 2293 660 2364 αὐτοῦ
691 2293 789 2384 χάριν
815 2303 1152 2383 πολυπραγμονεῖν,ω

108 2397 189 2469 οὐδὲ
215 2402 253 2468 έν
284 2401 375 2489 μέρει
406 2407 571 2490 προσίετο.
617 2397 682 2470 ὑπὸ
711 2401 749 2470 δὲ
775 2401 897 2488 ταύτης
928 2404 987 2488 τῆς
1020 2397 1121 2488 άσκή-

108 2526 190 2586 σεως
218 2502 236 2575 ὁ
265 2503 351 2595 άνὴρ
380 2505 468 2576 οὕτω
497 2506 559 2594 μὲν
586 2513 682 2595 ἔσχεν
700 2503 859 2598 άνδρεῖον
885 2504 923 2576 τὸ
952 2508 1049 2595 σῶμα
1077 2502 1122 2588 ως

107 2608 220 2692 οὐδεὶς
257 2610 348 2698 οἶμαι
384 2615 453 2681 των
494 2611 573 2694 τούς
610 2619 809 2701 στεφανίτας
850 2611 1122 2700 ἀγωνισαμένων,

66 2714 195 2785 Βούτω
224 2716 261 2785 δὲ
289 2718 422 2806 διετέθη
450 2717 512 2807 τὴν
530 2720 653 2808 φυγήν,
682 2717 766 2788 ὥστε
784 2716 1008 2807 εὐδαιμονεῖν,
1038 2716 1122 2789 ὥστε

106 2823 296 2910 βασιλεύειν
328 2821 430 2893 οὐδέν
461 2831 612 2912 ἔλαττον,
645 2830 677 2894 εί
701 2823 746 2915 μὴ
777 2827 834 2895 καὶ
865 2827 981 2912 πλέον,
1015 2821 1061 2908 ὡς
1087 2829 1155 2895 οίεῖι

104 2928 180 2998 τότε
215 2929 380 3000 εἰώθεσαν
412 2933 520 3018 λέγειν
544 2929 716 3020 Ἕλληνες,
753 2935 815 3000 τοῦ
846 2931 992 3021 μεγάλου
1025 2939 1121 3020 βασι·
1158 2968 1164 2977 ·

105 3036 200 3122 λε’ως,
237 3035 297 3105 τὸν
329 3039 465 3127 Πέρσην
500 3040 661 3126 λέγοντες.
712 3030 777 3129 ἆρά
814 3058 867 3107 σοι
904 3037 1005 3129 μικρὰ
1042 3044 1122 3127 φαί-

105 3168 197 3209 νεται
225 3139 312 3232 ἀνὴρ

178 3262 327 3353 ’Άπολις,
355 3264 485 3355 όοικος,
512 3272 672 3358 πατρίδος
700 3269 929 3357 ἐστερημένος,

172 3452 187 3499 9
207 3449 277 3501 Plat.
295 3450 407 3518 Protag.
426 3455 513 3504 3201)
533 3465 535 3468 ·
600 3454 632 3503 16
657 3444 729 3504 αὐτό
748 3453 778 3503 Β.
796 3447 969 3518 Friederieh]
988 3442 1060 3504 αὐτὸ
1079 3445 1123 3507 τό.

104 3515 147 3568 cf.
167 3518 233 3568 Xen.
254 3518 357 3570 comm.
377 3520 413 3576 11.
433 3526 455 3584 1,
475 3523 507 3571 ω
577 3523 611 3572 ιε
628 3511 719 3573 ιεοεν
738 3518 775 3587 Η]
794 3509 886 3572 ιῖειι
955 3519 988 3571 ει
1007 3519 1052 3575 οε.
1069 3521 1121 3573 ιω
