2392 3960
122 40 233 69 μεν-···
261 40 264 45 ·
289 40 292 43 ·

36 40 68 139 [Εἰ
84 94 95 133 .'
156 88 162 93 “

36 142 49 167 ἐ’

489 175 626 227 omo
645 177 679 228 v.
1033 174 1095 240 217
1188 244 1191 249 Ι

82 300 252 392 ἀκούομεν
280 300 394 390 αὐτόν,
423 308 534 372 αἰτίαν
560 310 680 372 τοίνυν
706 300 769 391 την
796 305 1013 391 προεστῶσαν
1035 307 1097 374 τοῦ

81 412 213 501 θερμοῦ
232 411 288 479 καὶ
306 409 496 499 πυρώδους,
523 406 544 497 ἣ
564 409 764 498 πολεμήσειν
783 415 895 497 ἔμελλε
912 414 953 499 τῇ
981 410 1096 500 νύμφη
1116 423 1139 479 0

82 519 139 588 καὶ
167 515 405 605 ζηλοτυπησειν
433 513 540 604 αὐτὴν
567 519 625 604 τῆς
652 513 736 606 πρὸς
761 513 822 584 τὸν
841 514 953 586 ’Ἁττιν
980 545 1098 586 κοινω-

80 630 169 706 νίας·
197 633 325 713 είρηται
352 624 389 691 δὲ
416 618 498 710 ἡμῖν
524 629 574 703 τίς
600 617 621 710 ἡ
649 622 779 711 νύμφη·
807 625 848 711 τῇ
876 627 1098 714 δημιουργικῇ

56 735 274 821 ιπρομιμθείγ
301 732 369 798 τῶν
397 726 506 799 ὄντων
533 723 751 818 ὑπουργῆσαί
775 749 873 817 φησι,
902 728 1031 817 δηλαδὴ
1059 732 1099 819 τῇ

82 838 198 927 Μητρὶ
239 840 308 904 τῶν
343 838 449 904 θεῶν·
492 833 562 904 εἶτα
605 834 810 925 φωράσαντα
850 836 906 903 καί
947 834 1100 925 μηνυτὴν
1174 884 1177 891 -

83 944 269 1032 γενόμενον
302 951 410 1011 αἴτιον
442 943 603 1028 γενέσθαι
635 945 680 1033 τῷ
712 947 877 1031 νεανίσκῳ
915 945 973 1029 της
1009 945 1099 1010 ἐκτο-

83 1053 155 1139 μῆς.
197 1045 218 1138 ἡ
247 1048 284 1117 δὲ
303 1046 423 1137 ἐκτομὴ
451 1054 515 1130 τίς;
544 1047 646 1136 ἕποχίγ
669 1051 728 1136 τῆς
747 1045 908 1137 ἀπειρίας·
938 1054 1015 1136 ἔστη
1035 1046 1100 1138 γὰρ
1162 1044 1166 1051 ’

84 1154 127 1246 δὴ
155 1154 197 1224 τά
224 1158 283 1243 τῆς
310 1155 471 1242 γενέσεως
499 1157 535 1223 ἐν
563 1150 760 1243 ὡρισμένοις
787 1169 856 1235 τοῖς
884 1159 1009 1223 εἴδεσιν
1033 1150 1099 1223 ὑπὸ

48 1266 143 1351 ιοτῆς
171 1264 412 1351 δημιουργικῆς
440 1263 657 1349 ίπισχεθίντα
680 1266 899 1352 προμηθείας,
928 1258 990 1330 οὐκ
1018 1258 1100 1329 ἀνευ
1118 1275 1145 1329 D

84 1372 143 1457 της
170 1372 232 1438 τού
250 1366 401 1449 ’Ἁιτιδος
430 1369 609 1455 λεγομένης
635 1367 910 1457 παραφροσύνης,
938 1364 1016 1455 {inb
1045 1369 1100 1456 με’-

84 1503 182 1565 τριον
219 1476 411 1563 ἐξισταμίνη
440 1474 496 1543 καί
529 1469 780 1563 ὑπερβαίνουσα
812 1476 868 1543 καὶ
906 1472 962 1542 διά
1002 1477 1100 1543 τοῦτο

86 1580 198 1671 ὥσπερ
235 1583 464 1662 ἐξασθενοῦσα
500 1581 555 1648 καὶ
589 1577 705 1650 οὐκέθ’
741 1577 842 1668 αὐτῆς
875 1578 961 1649 εἶναι
998 1586 1101 1648 δυνα-

86 1691 183 1778 μένη·
213 1683 293 1775 δδη
313 1688 388 1776 περὶ
407 1685 467 1773 τὴν
495 1694 688 1755 τελευταίαν
715 1685 902 1775 ὑποστῆναι
924 1689 992 1756 τῶν
1011 1689 1103 1755 θεῶν

48 1826 73 1867 1⁵
86 1801 200 1864 αἰτίαν
233 1790 295 1863 οὐκ
328 1790 460 1880 ἀλογον.
506 1793 621 1862 σκόπει
658 1785 721 1862 οὗν
755 1790 983 1862 ἀναλλοίωτον
1019 1790 1103 1861 κατά

86 1904 200 1971 πᾶσαν
237 1896 416 1969 ἀλλοίωσιν
447 1896 485 1967 τὸ
519 1901 668 1987 πέμπτον
699 1899 870 1986 θεώμενος
902 1902 997 1987 σῶμα
1028 1901 1104 1986 περὶ

85 2006 168 2089 τοὺς
195 2003 390 2094 φωτισμούς
416 2008 474 2094 τῆς
497 2004 648 2093 σελήνης,
676 2009 732 2074 ἵνα
760 2003 879 2074 λοιπὸν
907 2000 924 2073 ὁ
954 2007 1103 2092 συνεχῶς

86 2113 287 2202 γιγνόμενός
317 2139 352 2180 τε
387 2115 443 2180 καὶ
476 2109 703 2200 ἀπολλύμενος
739 2111 863 2199 κόσμος
900 2113 1026 2201 γειτνιᾷ
1057 2112 1103 2202 τῷ

86 2221 225 2311 πέμπτῳ
263 2217 399 2307 σώματι.
448 2220 523 2308 περὶ
560 2217 640 2300 τοὺς
671 2215 865 2306 φωτισμοὺς
902 2214 1005 2304 αὐτῆς
1041 2213 1096 2285 ἀλ·
1105 2235 1158 2289 168

42 2360 71 2400 ιο
88 2333 230 2396 λοίωσίν
256 2353 331 2395 τινα
350 2326 406 2395 καὶ
425 2325 519 2414 πάθη
548 2332 779 2413 συμπίπτοντα
797 2326 1003 2413 θεωροῦμεν.
1042 2319 1105 2393 οὐκ

88 2432 217 2502 ἀτοπον
246 2425 309 2502 οὖν
338 2433 398 2520 [εί]
426 2432 482 2501 καὶ
509 2430 570 2500 τὸν
590 2430 701 2501 ’Ἄττιν
719 2435 841 2501 τούτου
868 2425 1012 2519 ἡμίθεόν
1030 2455 1106 2497 τινα

89 2538 191 2609 εἶναι·
221 2539 376 2630 βούλεται
404 2536 469 2627 γάρ
497 2535 540 2627 δὴ
568 2540 623 2607 καὶ
652 2534 669 2607 ὁ
698 2542 809 2627 μῦθος
836 2540 950 2606 τούτο·
979 2537 1106 2625 μᾶλλον

90 2647 129 2716 δὲ
156 2644 242 2715 θεὸν
270 2645 331 2734 μὲν
357 2648 403 2737 τῷ
431 2652 544 2714 παντί·
572 2645 708 2735 πρόεισί
731 2673 766 2714 τε
794 2643 857 2735 γὰρ
886 2646 921 2713 ἐκ
948 2647 1009 2712 τού
1036 2649 1105 2730 τρί-

89 2781 154 2822 του
182 2754 392 2841 δημιουργοῦ
420 2753 476 2820 καὶ
504 2751 702 2838 ἐπανάγεται
730 2752 831 2821 πάλιν
859 2751 913 2819 ἐπὶ
939 2748 1002 2838 τὴν
1030 2758 1105 2837 Μη-

45 2888 76 2931 25
90 2862 171 2948 τέρα
208 2861 275 2926 τῶν
311 2861 404 2926 θεῶν
440 2856 520 2946 μετὰ
555 2856 619 2947 τὴν
650 2857 804 2947 ἐντομήν·
844 2857 914 2926 ἐπεὶ
947 2855 984 2924 δὲ
1022 2851 1108 2935 ὅλως

91 2967 206 3056 ῥέπειν
232 2965 364 3034 πέπεικε
391 2964 503 3033 νεύειν
530 2970 577 3046 είς
603 2965 666 3054 την
692 2961 778 3052 ὕλην
806 2969 909 3050 δοκεῖ,
936 2964 1028 3032 θεῶν
1046 2961 1108 3050 μὲν

92 3079 245 3160 ἔσχατον,
272 3072 411 3161 ἔξαρχον
440 3070 477 3139 δὲ
503 3073 571 3140 τῶν
593 3077 700 3142 θείων
727 3073 836 3159 γενῶν
864 3066 1021 3139 ἀπάντων
1045 3065 1108 3137 ούκ

165 3351 178 3399 1
197 3345 391 3416 προεστῶσαν]
410 3347 470 3398 Vid.
492 3348 527 3398 ad
546 3347 632 3399 1651)
701 3349 718 3398 4
740 3345 786 3415 τῇ]
808 3346 842 3414 τῇ
861 3342 918 3402 δελ
988 3349 1004 3398 5
1027 3343 1108 3412 φησι]

121 3431 186 3484 ησιν
205 3409 220 3468 ὁ
240 3414 359 3480 μάθοςθ
427 3418 443 3468 9
462 3413 572 3470 είδεσιν
584 3413 621 3482 Η]
641 3414 733 3468 εἴδεσι
804 3418 834 3466 11
849 3419 877 3465 et
891 3417 922 3465 12
940 3403 960 3479 ἢ
977 3408 1010 3464 τὸ
1028 3411 1109 3478 μέτρ.

94 3434 192 3550 ἀξιον]
210 3484 298 3535 Deest
316 3485 420 3535 alieubi
437 3485 551 3536 verbum
567 3482 675 3535 finitum
744 3485 776 3533 21
797 3478 844 3550 [εί]
862 3478 925 3548 καὶ]
946 3472 1061 3533 είκάσαι
1078 3479 1110 3535 Β.

94 3551 255 3604 Friederich
324 3554 357 3603 26
376 3547 475 3618 ὅέπειν
492 3547 625 3619 πέπεικε]
648 3546 747 3618 δίπειν
766 3547 815 3602 καὶ
833 3549 906 3601 idom
