2392 3960
139 154 200 218 144
312 122 316 129 ⁶
436 155 581 210 mmm
598 154 845 207 ιαευαευοαιε

137 279 182 366 ὦς
217 282 374 373 ἀπήντων
412 288 447 352 οί
485 285 585 371 δῆμοι
628 281 834 370 δεξιούμενοι
874 284 931 352 καὶ
967 288 1153 372 χαίροντες,

138 389 218 460 οὐδὲ
247 388 310 460 ὅσα
336 388 419 460 κατά
437 388 500 477 τὴν
527 385 612 458 ὁδὸν
630 391 762 476 ἐκείνην
789 386 922 479 λαμπρά
941 392 997 458 καὶ
1025 391 1153 478 ζηλωτὰ

100 499 255 583 Βγέγονε
291 499 346 566 καὶ
384 499 556 584 ἐνομίσθη.
607 492 678 564 ἀλλ’
714 493 827 583 ἐπειδὴ
866 499 934 565 τεόν
970 503 1153 584 βασιλείων

138 613 215 672 είσω
249 607 400 694 παρῆλθε
436 603 493 671 καὶ
529 605 586 690 τῆς
623 604 814 690 ἐπωνυμίας
850 602 972 690 ταύτης
1008 601 1153 693 ἠξιώθη,

136 717 173 777 τί
196 713 331 800 πρῶτον
350 715 450 799 ἔργον
469 712 597 796 ἐκείνης
624 710 752 795 γέγονε,
779 710 834 777 καί
855 700 957 791 αὖθις
980 710 1179 800 δεότερον,ι

136 818 191 885 καὶ
220 813 271 884 ἐπ’
302 813 392 909 αὐτῷ
420 822 543 906 τρίτον,
571 817 626 884 καὶ
654 813 759 884 πολλά
788 813 829 903 δὴ
857 815 945 903 μάλα
971 815 1009 884 τὸ
1038 819 1153 886 ἐντεῦ-

136 933 215 1005 θεν;
244 921 285 991 οὐ
313 923 387 1012 γάρ,
416 928 447 990 εί
473 921 606 1011 σφόδρα
633 923 742 1007 λέγειν
770 924 917 1009 ἐθέλοιμι
939 922 996 990 καὶ
1023 922 1154 1014 μακράς

136 1025 221 1119 όπέρ
254 1029 383 1097 τούτων
415 1035 553 1116 βίβλους
581 1030 789 1114 ξυντιθέναι,
822 1024 975 1118 ἀρκέσειν
1002 1025 1153 1119 ὑπολαμ-

137 1135 230 1223 βάνω
263 1138 309 1227 τῷ
341 1135 463 1222 πλήθει
495 1137 564 1202 τῶν
592 1139 714 1224 ἔργων,
747 1131 810 1203 ὅσα
838 1136 947 1223 ἐκείνη
980 1135 1153 1226 φρόνησιν

136 1242 193 1309 καὶ
232 1241 402 1331 πρᾳότητα
439 1243 494 1309 καὶ
533 1241 760 1330 σωφροσύνην
796 1243 852 1309 καὶ
889 1249 1152 1332 φιλανθρωπίαν
1166 1266 1186 1305 ιι

138 1348 315 1416 ἐπιείκειάν
341 1374 376 1415 τε
403 1349 458 1415 καὶ
489 1346 742 1437 ἐλευθεριότητα
773 1348 828 1415 καὶ
856 1346 915 1428 τάς
947 1345 1049 1430 άλλας
1076 1347 1152 1438 ἀρε-

96 1451 195 1534 δτάς
223 1453 462 1543 ἐξεμαρτύρησε
489 1453 728 1543 λαμπρότερον,
756 1449 776 1542 ἢ
804 1456 870 1523 νῦν
894 1449 911 1522 ὁ
939 1453 1058 1544 παρων
1077 1457 1153 1546 περὶ

138 1557 242 1648 αὐτῆς
270 1560 368 1645 λόγος
400 1562 527 1648 δηλοῦν
560 1562 716 1649 ἐπιχειρεῖ
745 1562 800 1628 καὶ
833 1559 1045 1631 ἐκδιδάσκειν
1073 1559 1153 1644 τούς

137 1666 239 1734 πάλαι
271 1664 327 1735 διὰ
359 1669 427 1734 τῶν
465 1672 573 1755 ἔργων
610 1666 804 1752 ἐγνωκότας.
855 1664 897 1735 οὐ
933 1665 1000 1755 μὴν
1038 1667 1150 1756 ἐπειδὴ

134 1769 237 1841 ’κεῖνο
267 1775 435 1862 δυσχερές,
462 1775 589 1860 μάλλον
617 1771 654 1840 δέ
681 1769 853 1842 ἀδύνατον
881 1773 1004 1861 ἐφάνη,
1033 1794 1186 1844 πανιε-ιῡ

137 1881 203 1959 λῶς
231 1876 324 1959 ἀξιον
352 1874 436 1968 ὑπὲρ
464 1875 622 1948 ἀπάντων
641 1875 885 1967 ἀποσιωπῆσαι,
912 1883 1095 1969 πειρᾶσθαι
1115 1881 1151 1951 δὲ

138 1990 184 2065 είς
212 1985 357 2074 δύναμιν
385 1985 521 2075 φράζειν
553 1981 636 2075 ὑπὲρ
665 1984 777 2054 αὐτῶν
809 1987 865 2054 καὶ
893 1989 951 2074 τῆς
978 1985 1039 2073 μέν
1069 2015 1150 2079 φρο-

137 2090 265 2179 νήσεως
292 2103 463 2160 ποιεῖσθαι
491 2108 630 2180 σημεῖον
657 2095 713 2159 καὶ
739 2095 798 2180 της
825 2090 926 2180 άλλης
954 2089 1073 2183 ἀρετῆς
1090 2094 1150 2162 πά-

138 2218 212 2285 σης,
246 2195 296 2266 ὅτι
333 2196 393 2267 τὸν
425 2199 576 2287 γήμαντα
615 2200 772 2286 διέθηκεν
805 2196 892 2267 οὕτω
924 2201 999 2290 περὶ
1032 2195 1150 2288 αὐτὴν,

138 2301 247 2393 ὥσπερ
276 2296 340 2372 οὗν
367 2302 461 2386 ἀξιον
481 2319 624 2391 γυναῖκα
642 2303 748 2393 καλην
775 2307 831 2373 καὶ
860 2312 1028 2391 γενναίαν.
1067 2304 1150 2375 ὥστε
1163 2328 1184 2368 2⁰

137 2416 241 2497 ἔγωγε
268 2414 326 2499 της
345 2412 542 2499 Πηνελόπης
569 2409 675 2480 πολλά
702 2413 758 2480 καὶ
786 2409 868 2479 ἀλλα
891 2418 1031 2500 νομίσας
1059 2414 1150 2482 ἔπαί-

93 2529 208 2584 Βνων
240 2515 315 2598 ἀξια
347 2521 445 2586 τοῦτο
479 2520 517 2586 έν
548 2533 618 2598 τοῖς
650 2518 790 2605 μάλιστα
817 2519 993 2606 θαυμάζω,
1027 2516 1080 2588 ὅτι
1108 2518 1150 2609 δὴ

136 2621 197 2690 τὸν
224 2621 332 2712 ἀνδρα
365 2630 441 2691 λίαν
469 2630 580 2693 ἔπειθε
614 2627 762 2714 στέργειν
795 2626 850 2693 καὶ
884 2621 1017 2710 ἀγαπᾶν
1045 2622 1152 2714 αὐτὴν

136 2724 354 2819 ὑπερορῶντα
382 2731 453 2817 μέν,
482 2726 525 2810 ὡς
553 2737 647 2818 φασί,
676 2736 861 2818 δαιμονίων
879 2726 1006 2821 γάμων,
1034 2728 1150 2820 ἀτιμά-

138 2843 234 2916 ζοντα
272 2835 308 2903 δδ
346 2834 387 2905 οὐ
423 2851 519 2925 μεῖον
550 2835 612 2924 τὴν
648 2839 716 2904 τεόν
749 2836 907 2906 Φαιάκων
945 2839 1184 2924 ξυγγένειανει

136 2947 255 3010 Καίτοι
283 2969 320 3028 γε
349 2940 440 3030 εἶχον
468 2940 576 3012 αὐτοῦ
599 2945 701 3012 πάσαι
722 2946 895 3033 ἐρωτικῶς,
924 2942 1073 3027 Καλυψὼ
1093 2944 1150 3014 καί

136 3054 244 3136 Κίρκη
283 3051 338 3117 καὶ
376 3050 566 3119 Ναυσικάα·
605 3051 660 3119 καὶ
696 3042 740 3137 ἦν
776 3047 892 3133 αὐταῖς
928 3048 968 3118 τά
999 3056 1152 3138 βασίλεια

206 3269 218 3315 1
243 3260 393 3333 ἀπήντουν
411 3269 435 3316 V
514 3272 529 3318 2
553 3263 623 3320 οὐδὲ
643 3266 679 3334 Η]
706 3260 773 3321 οὔτε
800 3269 805 3334 Ι
831 3261 944 3336 ἐκείνης
960 3269 986 3319 V
1066 3268 1153 3322 θυοδ

135 3327 228 3385 πολλά
246 3333 313 3402 VM]
332 3332 424 3386 πολλά
493 3329 623 3403 9ἔκείνη
640 3335 746 3403 VMfl.]
766 3329 878 3400 ἐκείνης
942 3339 975 3388 15
993 3340 1074 3389 κεῖνο
1091 3337 1153 3391 MV

136 3419 170 3456 m,
188 3419 227 3466 pr.
247 3396 353 3468 (έκεῖνο
371 3421 405 3453 m.
424 3403 572 3470 recentior)
643 3407 674 3454 19
693 3395 768 3455 οὕτω
786 3402 822 3470 Η]
842 3393 933 3464 οὕτως
953 3404 958 3467 Ι
978 3396 1073 3471 αὐτὴν
1092 3406 1152 3457 VM

135 3473 168 3519 23
188 3467 290 3522 ἔπειθε
308 3469 376 3536 VM]
396 3465 446 3522 καί
466 3466 568 3524 ἔπειθε
637 3475 670 3523 24
688 3468 796 3538 γάμων]
816 3462 939 3538 ἀγαθῶν
956 3475 980 3523 V
1032 3475 1067 3524 λδ
1085 3470 1151 3540 ξυγ-

135 3535 250 3602 γένειαν
263 3536 298 3604 V]
321 3534 510 3604 συγγέννειαν
579 3542 612 3590 26
634 3538 729 3590 καίτοι
748 3556 779 3604 γε
799 3538 832 3606 V]
851 3537 900 3591 καὶ
920 3540 997 3605 τοίγε
