<?xml version="1.0" encoding="UTF-8"?>
<!DOCTYPE html PUBLIC "-//W3C//DTD XHTML 1.0 Transitional//EN"
    "http://www.w3.org/TR/xhtml1/DTD/xhtml1-transitional.dtd">
<html xmlns="http://www.w3.org/1999/xhtml" xml:lang="en" lang="en">
 <head>
  <title>
</title>
<meta http-equiv="Content-Type" content="text/html;charset=utf-8" />
  <meta name='ocr-system' content='tesseract 3.04.00' />
  <meta name='ocr-capabilities' content='ocr_page ocr_carea ocr_par ocr_line ocrx_word'/>
</head>
<body>
  <div class='ocr_page' id='page_1' title='image "./iulianiimperato00juligoog_0082.png"; bbox 0 0 2392 3960; ppageno 0'>
   <div class='ocr_carea' id='block_1_1' title="bbox 480 163 1081 226">
    <p class='ocr_par' dir='ltr' id='par_1_1' title="bbox 480 163 1081 226">
     <span class='ocr_line' id='line_1_1' title="bbox 480 163 1081 226; baseline 0 -12"><span class='ocrx_word' id='word_1_1' title='bbox 480 163 618 214; x_wconf 83' lang='lat' dir='ltr'>ORATIO</span> <span class='ocrx_word' id='word_1_2' title='bbox 637 165 673 213; x_wconf 87' lang='lat'><strong><em>11.</em></strong></span> <span class='ocrx_word' id='word_1_3' title='bbox 1041 164 1081 226; x_wconf 73' lang='grc'><strong><em>67</em></strong></span> 
     </span>
    </p>
   </div>
   <div class='ocr_carea' id='block_1_2' title="bbox 9 286 1123 3077">
    <p class='ocr_par' dir='ltr' id='par_1_2' title="bbox 26 286 1121 1760">
     <span class='ocr_line' id='line_1_2' title="bbox 59 286 1082 385; baseline -0.001 -25"><span class='ocrx_word' id='word_1_4' title='bbox 59 294 108 385; x_wconf 78' lang='grc' dir='ltr'><strong><em>τῷ</em></strong></span> <span class='ocrx_word' id='word_1_5' title='bbox 136 291 223 382; x_wconf 75' lang='grc' dir='ltr'><strong><em>τόξῳ</em></strong></span> <span class='ocrx_word' id='word_1_6' title='bbox 251 290 434 379; x_wconf 89' lang='grc' dir='ltr'><strong><em>χρώμενος,</em></strong></span> <span class='ocrx_word' id='word_1_7' title='bbox 467 286 485 359; x_wconf 86' lang='grc' dir='ltr'><strong><em>ό</em></strong></span> <span class='ocrx_word' id='word_1_8' title='bbox 514 290 551 359; x_wconf 72' lang='grc' dir='ltr'><strong><em>δὲ</em></strong></span> <span class='ocrx_word' id='word_1_9' title='bbox 578 287 731 380; x_wconf 78' lang='grc' dir='ltr'><strong><em>ἠρίστευε</em></strong></span> <span class='ocrx_word' id='word_1_10' title='bbox 764 291 825 378; x_wconf 71' lang='grc' dir='ltr'><strong><em>μὲν</em></strong></span> <span class='ocrx_word' id='word_1_11' title='bbox 853 294 890 359; x_wconf 82' lang='grc' dir='ltr'><strong><em>ἐν</em></strong></span> <span class='ocrx_word' id='word_1_12' title='bbox 917 294 956 379; x_wconf 75' lang='grc' dir='ltr'><strong><em>τη</em></strong></span> <span class='ocrx_word' id='word_1_13' title='bbox 984 292 1082 380; x_wconf 85' lang='grc' dir='ltr'><strong><em>μάχη,</em></strong></span> 
     </span>
     <span class='ocr_line' id='line_1_3' title="bbox 60 395 1081 485; baseline -0.001 -18"><span class='ocrx_word' id='word_1_14' title='bbox 60 400 172 468; x_wconf 73' lang='grc' dir='ltr'><strong><em>ἐδεῖτο</em></strong></span> <span class='ocrx_word' id='word_1_15' title='bbox 210 396 248 465; x_wconf 74' lang='grc' dir='ltr'><strong><em>δὲ</em></strong></span> <span class='ocrx_word' id='word_1_16' title='bbox 280 395 390 485; x_wconf 76' lang='grc' dir='ltr'><strong><em>ὥσπερ</em></strong></span> <span class='ocrx_word' id='word_1_17' title='bbox 428 397 591 485; x_wconf 78' lang='grc' dir='ltr'><strong><em>ἐρύματος</em></strong></span> <span class='ocrx_word' id='word_1_18' title='bbox 627 398 682 465; x_wconf 85' lang='grc' dir='ltr'><strong><em>καὶ</em></strong></span> <span class='ocrx_word' id='word_1_19' title='bbox 715 404 848 485; x_wconf 89' lang='grc' dir='ltr'><strong><em>τειχίου.</em></strong></span> <span class='ocrx_word' id='word_1_20' title='bbox 894 398 997 465; x_wconf 79' lang='grc' dir='ltr'><strong><em>ταῦτά</em></strong></span> <span class='ocrx_word' id='word_1_21' title='bbox 1030 426 1081 466; x_wconf 90' lang='grc' dir='ltr'><strong><em>τοι</em></strong></span> 
     </span>
     <span class='ocr_line' id='line_1_4' title="bbox 60 500 1081 594; baseline 0 -21"><span class='ocrx_word' id='word_1_22' title='bbox 60 505 119 573; x_wconf 82' lang='grc' dir='ltr'><strong><em>καὶ</em></strong></span> <span class='ocrx_word' id='word_1_23' title='bbox 161 503 385 594; x_wconf 81' lang='grc' dir='ltr'><strong><em>προβάλλεται</em></strong></span> <span class='ocrx_word' id='word_1_24' title='bbox 425 502 488 591; x_wconf 78' lang='grc' dir='ltr'><strong><em>τὴν</em></strong></span> <span class='ocrx_word' id='word_1_25' title='bbox 529 500 674 589; x_wconf 79' lang='grc' dir='ltr'><em>ἀσπίδα,</em></span> <span class='ocrx_word' id='word_1_26' title='bbox 717 502 790 572; x_wconf 81' lang='grc' dir='ltr'><strong><em>οὔτι</em></strong></span> <span class='ocrx_word' id='word_1_27' title='bbox 835 503 897 592; x_wconf 80' lang='grc' dir='ltr'><strong><em>την</em></strong></span> <span class='ocrx_word' id='word_1_28' title='bbox 944 510 1081 585; x_wconf 76' lang='grc' dir='ltr'><strong><em>οἰκείαν,</em></strong></span> 
     </span>
     <span class='ocr_line' id='line_1_5' title="bbox 61 606 1081 698; baseline 0 -19"><span class='ocrx_word' id='word_1_29' title='bbox 61 608 236 697; x_wconf 84' lang='grc' dir='ltr'><strong><em>τάδελφοῦ</em></strong></span> <span class='ocrx_word' id='word_1_30' title='bbox 263 613 316 696; x_wconf 80' lang='grc' dir='ltr'><strong><em>δέ,</em></strong></span> <span class='ocrx_word' id='word_1_31' title='bbox 344 612 399 678; x_wconf 78' lang='grc' dir='ltr'><strong><em>καὶ</em></strong></span> <span class='ocrx_word' id='word_1_32' title='bbox 428 609 616 697; x_wconf 81' lang='grc' dir='ltr'><strong><em>στοχάζεται</em></strong></span> <span class='ocrx_word' id='word_1_33' title='bbox 644 609 723 678; x_wconf 82' lang='grc' dir='ltr'><strong><em>καθ’</em></strong></span> <span class='ocrx_word' id='word_1_34' title='bbox 757 606 899 698; x_wconf 75' lang='grc' dir='ltr'><strong><em>ἡσυχίαν</em></strong></span> <span class='ocrx_word' id='word_1_35' title='bbox 926 614 993 679; x_wconf 84' lang='grc' dir='ltr'><strong><em>τών</em></strong></span> <span class='ocrx_word' id='word_1_36' title='bbox 1023 638 1081 679; x_wconf 90' lang='grc' dir='ltr'><strong><em>πο-</em></strong></span> 
     </span>
     <span class='ocr_line' id='line_1_6' title="bbox 36 712 1081 805; baseline 0.005 -24"><span class='ocrx_word' id='word_1_37' title='bbox 36 722 203 805; x_wconf 79' lang='grc' dir='ltr'><strong><em>ελεμίων,</em></strong></span> <span class='ocrx_word' id='word_1_38' title='bbox 230 725 361 803; x_wconf 82' lang='grc' dir='ltr'><strong><em>γελοῖος</em></strong></span> <span class='ocrx_word' id='word_1_39' title='bbox 388 712 575 804; x_wconf 75' lang='grc' dir='ltr'><strong><em>ἀναφανεὶς</em></strong></span> <span class='ocrx_word' id='word_1_40' title='bbox 602 717 818 805; x_wconf 86' lang='grc' dir='ltr'><strong><em>στρατιώτης,</em></strong></span> <span class='ocrx_word' id='word_1_41' title='bbox 847 714 883 798; x_wconf 82' lang='grc' dir='ltr'><strong><em>ὅς</em></strong></span> <span class='ocrx_word' id='word_1_42' title='bbox 909 745 947 802; x_wconf 91' lang='grc' dir='ltr'><strong><em>γε</em></strong></span> <span class='ocrx_word' id='word_1_43' title='bbox 976 720 1081 786; x_wconf 79' lang='grc' dir='ltr'><strong><em>ἐδεῖτο</em></strong></span> 
     </span>
     <span class='ocr_line' id='line_1_7' title="bbox 62 819 1121 911; baseline -0.002 -20"><span class='ocrx_word' id='word_1_44' title='bbox 62 829 214 911; x_wconf 79' lang='grc' dir='ltr'><strong><em>μείζονος</em></strong></span> <span class='ocrx_word' id='word_1_45' title='bbox 246 823 397 910; x_wconf 90' lang='grc' dir='ltr'><strong><em>φύλακος</em></strong></span> <span class='ocrx_word' id='word_1_46' title='bbox 428 825 483 891; x_wconf 83' lang='grc' dir='ltr'><strong><em>καὶ</em></strong></span> <span class='ocrx_word' id='word_1_47' title='bbox 518 819 580 891; x_wconf 84' lang='grc' dir='ltr'><strong><em>οάκ</em></strong></span> <span class='ocrx_word' id='word_1_48' title='bbox 614 826 650 890; x_wconf 84' lang='grc' dir='ltr'><strong><em>ἐν</em></strong></span> <span class='ocrx_word' id='word_1_49' title='bbox 687 839 758 903; x_wconf 82' lang='grc' dir='ltr'><strong><em>τοῖς</em></strong></span> <span class='ocrx_word' id='word_1_50' title='bbox 790 821 905 903; x_wconf 82' lang='grc' dir='ltr'><strong><em>ὅπλοις</em></strong></span> <span class='ocrx_word' id='word_1_51' title='bbox 938 826 1121 893; x_wconf 78' lang='grc' dir='ltr'><strong><em>ἐποιεῖτοΒ</em></strong></span> 
     </span>
     <span class='ocr_line' id='line_1_8' title="bbox 61 922 1080 1029; baseline 0.001 -32"><span class='ocrx_word' id='word_1_52' title='bbox 61 932 121 1017; x_wconf 71' lang='grc' dir='ltr'><strong><em>τῆς</em></strong></span> <span class='ocrx_word' id='word_1_53' title='bbox 153 936 319 1019; x_wconf 76' lang='grc' dir='ltr'><strong><em>σωτηρίας</em></strong></span> <span class='ocrx_word' id='word_1_54' title='bbox 350 928 409 1009; x_wconf 86' lang='grc' dir='ltr'><strong><em>τάς</em></strong></span> <span class='ocrx_word' id='word_1_55' title='bbox 436 931 579 1029; x_wconf 80' lang='grc' dir='ltr'><strong><em>ἐλπίδας.</em></strong></span> <span class='ocrx_word' id='word_1_56' title='bbox 627 929 663 997; x_wconf 72' lang='grc' dir='ltr'><strong><em>σὲ</em></strong></span> <span class='ocrx_word' id='word_1_57' title='bbox 697 933 779 1017; x_wconf 79' lang='grc' dir='ltr'><strong><em>δητα</em></strong></span> <span class='ocrx_word' id='word_1_58' title='bbox 813 930 1021 1016; x_wconf 76' lang='grc' dir='ltr'><strong><em>ἐθεασάμην,</em></strong></span> <span class='ocrx_word' id='word_1_59' title='bbox 1055 922 1080 998; x_wconf 82' lang='grc' dir='ltr'><strong><em>ώ</em></strong></span> 
     </span>
     <span class='ocr_line' id='line_1_9' title="bbox 62 1034 1082 1126; baseline 0.001 -23"><span class='ocrx_word' id='word_1_60' title='bbox 62 1042 143 1123; x_wconf 86' lang='grc' dir='ltr'><strong><em>φίλε</em></strong></span> <span class='ocrx_word' id='word_1_61' title='bbox 175 1038 327 1123; x_wconf 80' lang='grc' dir='ltr'><strong><em>βασιλεῦ,</em></strong></span> <span class='ocrx_word' id='word_1_62' title='bbox 365 1034 508 1125; x_wconf 85' lang='grc' dir='ltr'><strong><em>ἀρκτους</em></strong></span> <span class='ocrx_word' id='word_1_63' title='bbox 544 1037 600 1104; x_wconf 81' lang='grc' dir='ltr'><strong><em>καί</em></strong></span> <span class='ocrx_word' id='word_1_64' title='bbox 637 1037 816 1126; x_wconf 79' lang='grc' dir='ltr'><strong><em>παρδάλεις</em></strong></span> <span class='ocrx_word' id='word_1_65' title='bbox 852 1038 907 1104; x_wconf 86' lang='grc' dir='ltr'><strong><em>καὶ</em></strong></span> <span class='ocrx_word' id='word_1_66' title='bbox 946 1039 1082 1117; x_wconf 89' lang='grc' dir='ltr'><strong><em>λεόντας</em></strong></span> 
     </span>
     <span class='ocr_line' id='line_1_10' title="bbox 63 1140 1081 1233; baseline 0.002 -23"><span class='ocrx_word' id='word_1_67' title='bbox 63 1141 212 1231; x_wconf 82' lang='grc' dir='ltr'><strong><em>συχνοὺς</em></strong></span> <span class='ocrx_word' id='word_1_68' title='bbox 243 1142 492 1228; x_wconf 84' lang='grc' dir='ltr'><strong><em>καταβάλλοντα</em></strong></span> <span class='ocrx_word' id='word_1_69' title='bbox 519 1157 589 1222; x_wconf 81' lang='grc' dir='ltr'><strong><em>τοῖς</em></strong></span> <span class='ocrx_word' id='word_1_70' title='bbox 617 1140 808 1231; x_wconf 79' lang='grc' dir='ltr'><strong><em>ἀφιεμένοις</em></strong></span> <span class='ocrx_word' id='word_1_71' title='bbox 840 1145 964 1229; x_wconf 83' lang='grc' dir='ltr'><strong><em>βέλεσι,</em></strong></span> <span class='ocrx_word' id='word_1_72' title='bbox 996 1144 1081 1233; x_wconf 90' lang='grc' dir='ltr'><strong><em>χρώ-</em></strong></span> 
     </span>
     <span class='ocr_line' id='line_1_11' title="bbox 26 1243 1082 1340; baseline -0.001 -23"><span class='ocrx_word' id='word_1_73' title='bbox 26 1274 50 1311; x_wconf 82' lang='grc' dir='ltr'><strong><em>ιο</em></strong></span> <span class='ocrx_word' id='word_1_74' title='bbox 63 1276 169 1337; x_wconf 90' lang='grc' dir='ltr'><strong><em>μενον</em></strong></span> <span class='ocrx_word' id='word_1_75' title='bbox 197 1247 234 1318; x_wconf 75' lang='grc' dir='ltr'><strong><em>δὲ</em></strong></span> <span class='ocrx_word' id='word_1_76' title='bbox 260 1243 345 1338; x_wconf 81' lang='grc' dir='ltr'><strong><em>πρὸς</em></strong></span> <span class='ocrx_word' id='word_1_77' title='bbox 371 1249 483 1337; x_wconf 83' lang='grc' dir='ltr'><strong><em>θήραν</em></strong></span> <span class='ocrx_word' id='word_1_78' title='bbox 506 1250 562 1316; x_wconf 84' lang='grc' dir='ltr'><strong><em>καὶ</em></strong></span> <span class='ocrx_word' id='word_1_79' title='bbox 585 1244 723 1317; x_wconf 85' lang='grc' dir='ltr'><strong><em>παιδιάν</em></strong></span> <span class='ocrx_word' id='word_1_80' title='bbox 750 1249 850 1340; x_wconf 78' lang='grc' dir='ltr'><strong><em>τόξῳ,</em></strong></span> <span class='ocrx_word' id='word_1_81' title='bbox 879 1250 931 1317; x_wconf 82' lang='grc' dir='ltr'><strong><em>ἐπὶ</em></strong></span> <span class='ocrx_word' id='word_1_82' title='bbox 961 1248 997 1316; x_wconf 69' lang='grc' dir='ltr'><strong><em>δὲ</em></strong></span> <span class='ocrx_word' id='word_1_83' title='bbox 1024 1254 1082 1336; x_wconf 76' lang='grc' dir='ltr'><strong><em>τίς</em></strong></span> 
     </span>
     <span class='ocr_line' id='line_1_12' title="bbox 62 1351 1081 1446; baseline 0 -23"><span class='ocrx_word' id='word_1_84' title='bbox 62 1354 278 1445; x_wconf 81' lang='grc' dir='ltr'><strong><em>παρατάξεως</em></strong></span> <span class='ocrx_word' id='word_1_85' title='bbox 310 1351 409 1435; x_wconf 88' lang='grc' dir='ltr'><strong><em>ἀσπίς</em></strong></span> <span class='ocrx_word' id='word_1_86' title='bbox 442 1357 515 1422; x_wconf 81' lang='grc' dir='ltr'><strong><em>ἐστί</em></strong></span> <span class='ocrx_word' id='word_1_87' title='bbox 545 1373 597 1422; x_wconf 91' lang='grc' dir='ltr'><strong><em>σοι</em></strong></span> <span class='ocrx_word' id='word_1_88' title='bbox 630 1357 685 1423; x_wconf 82' lang='grc' dir='ltr'><strong><em>καὶ</em></strong></span> <span class='ocrx_word' id='word_1_89' title='bbox 712 1356 828 1446; x_wconf 80' lang='grc' dir='ltr'><strong><em>θώραξ</em></strong></span> <span class='ocrx_word' id='word_1_90' title='bbox 861 1357 917 1423; x_wconf 81' lang='grc' dir='ltr'><strong><em>καί</em></strong></span> <span class='ocrx_word' id='word_1_91' title='bbox 945 1355 1081 1444; x_wconf 86' lang='grc' dir='ltr'><strong><em>κράνος·</em></strong></span> 
     </span>
     <span class='ocr_line' id='line_1_13' title="bbox 63 1457 1081 1550; baseline 0 -21"><span class='ocrx_word' id='word_1_92' title='bbox 63 1463 120 1529; x_wconf 80' lang='grc' dir='ltr'><strong><em>καὶ</em></strong></span> <span class='ocrx_word' id='word_1_93' title='bbox 157 1458 221 1530; x_wconf 81' lang='grc' dir='ltr'><strong><em>οὐκ</em></strong></span> <span class='ocrx_word' id='word_1_94' title='bbox 253 1457 296 1529; x_wconf 81' lang='grc' dir='ltr'><strong><em>ἀν</em></strong></span> <span class='ocrx_word' id='word_1_95' title='bbox 328 1465 558 1548; x_wconf 89' lang='grc' dir='ltr'><strong><em>καταδείσαιμι</em></strong></span> <span class='ocrx_word' id='word_1_96' title='bbox 595 1460 655 1529; x_wconf 83' lang='grc' dir='ltr'><strong><em>τὸν</em></strong></span> <span class='ocrx_word' id='word_1_97' title='bbox 685 1460 830 1550; x_wconf 83' lang='grc' dir='ltr'><strong><em>Ἀχιλλέα</em></strong></span> <span class='ocrx_word' id='word_1_98' title='bbox 863 1477 934 1541; x_wconf 81' lang='grc' dir='ltr'><strong><em>τοῖς</em></strong></span> <span class='ocrx_word' id='word_1_99' title='bbox 962 1457 1081 1549; x_wconf 86' lang='grc' dir='ltr'><strong><em>Ἡφαι-</em></strong></span> 
     </span>
     <span class='ocr_line' id='line_1_14' title="bbox 64 1564 1080 1657; baseline 0.001 -22"><span class='ocrx_word' id='word_1_100' title='bbox 64 1574 188 1647; x_wconf 87' lang='grc' dir='ltr'><strong><em>στείοις</em></strong></span> <span class='ocrx_word' id='word_1_101' title='bbox 215 1567 494 1656; x_wconf 84' lang='grc' dir='ltr'><strong><em>λαμπρυνόμενον</em></strong></span> <span class='ocrx_word' id='word_1_102' title='bbox 521 1570 577 1635; x_wconf 82' lang='grc' dir='ltr'><strong><em>καὶ</em></strong></span> <span class='ocrx_word' id='word_1_103' title='bbox 596 1565 871 1657; x_wconf 88' lang='grc' dir='ltr'><strong><em>ἀποπειρώμενον</em></strong></span> <span class='ocrx_word' id='word_1_104' title='bbox 900 1564 1080 1636; x_wconf 82' lang='grc' dir='ltr'><strong><em>αὑτοῦκαὶ</em></strong></span> 
     </span>
     <span class='ocr_line' id='line_1_15' title="bbox 63 1670 281 1760; baseline 0 -19"><span class='ocrx_word' id='word_1_105' title='bbox 63 1677 133 1743; x_wconf 83' lang='grc' dir='ltr'><strong><em>τών</em></strong></span> <span class='ocrx_word' id='word_1_106' title='bbox 156 1670 281 1760; x_wconf 83' lang='grc' dir='ltr'><strong><em>ὅπλων,</em></strong></span> 
     </span>
    </p>

    <p class='ocr_par' dir='ltr' id='par_1_3' title="bbox 28 1778 1121 2402">
     <span class='ocr_line' id='line_1_16' title="bbox 28 1778 1121 1871; baseline -0.001 -23"><span class='ocrx_word' id='word_1_107' title='bbox 28 1800 52 1839; x_wconf 79' lang='lat'><strong><em>1⁵</em></strong></span> <span class='ocrx_word' id='word_1_108' title='bbox 144 1788 193 1849; x_wconf 85' lang='grc' dir='ltr'><strong><em>Εί</em></strong></span> <span class='ocrx_word' id='word_1_109' title='bbox 217 1784 253 1848; x_wconf 83' lang='grc' dir='ltr'><strong><em>οί</em></strong></span> <span class='ocrx_word' id='word_1_110' title='bbox 277 1779 508 1868; x_wconf 80' lang='grc' dir='ltr'><strong><em>ἐφαρμόσσειε,</em></strong></span> <span class='ocrx_word' id='word_1_111' title='bbox 536 1783 591 1848; x_wconf 83' lang='grc' dir='ltr'><strong><em>καὶ</em></strong></span> <span class='ocrx_word' id='word_1_112' title='bbox 619 1784 766 1871; x_wconf 81' lang='grc' dir='ltr'><strong><em>ἐντρέχοι</em></strong></span> <span class='ocrx_word' id='word_1_113' title='bbox 795 1778 900 1867; x_wconf 85' lang='grc' dir='ltr'><strong><em>ἀγλαά</em></strong></span> <span class='ocrx_word' id='word_1_114' title='bbox 929 1797 1021 1866; x_wconf 76' lang='grc' dir='ltr'><strong><em>γυῖα</em></strong></span> <span class='ocrx_word' id='word_1_115' title='bbox 1100 1792 1121 1847; x_wconf 81' lang='lat' dir='ltr'>C</span> 
     </span>
     <span class='ocr_line' id='line_1_17' title="bbox 63 1884 1080 1976; baseline 0.001 -21"><span class='ocrx_word' id='word_1_116' title='bbox 63 1884 284 1976; x_wconf 85' lang='grc' dir='ltr'><strong><em>ἀνακηρύττει</em></strong></span> <span class='ocrx_word' id='word_1_117' title='bbox 311 1884 375 1975; x_wconf 83' lang='grc' dir='ltr'><strong><em>γάρ</em></strong></span> <span class='ocrx_word' id='word_1_118' title='bbox 403 1892 450 1966; x_wconf 90' lang='grc' dir='ltr'><strong><em>είς</em></strong></span> <span class='ocrx_word' id='word_1_119' title='bbox 478 1884 625 1968; x_wconf 83' lang='grc' dir='ltr'><strong><em>ἅπαντας</em></strong></span> <span class='ocrx_word' id='word_1_120' title='bbox 652 1885 714 1974; x_wconf 82' lang='grc' dir='ltr'><strong><em>τὴν</em></strong></span> <span class='ocrx_word' id='word_1_121' title='bbox 747 1885 811 1974; x_wconf 81' lang='grc' dir='ltr'><strong><em>σὴν</em></strong></span> <span class='ocrx_word' id='word_1_122' title='bbox 840 1890 1011 1976; x_wconf 82' lang='grc' dir='ltr'><strong><em>ἐμπειρίαν</em></strong></span> <span class='ocrx_word' id='word_1_123' title='bbox 1039 1886 1080 1956; x_wconf 85' lang='grc' dir='ltr'><strong><em>τὰ</em></strong></span> 
     </span>
     <span class='ocr_line' id='line_1_18' title="bbox 62 1991 1081 2083; baseline -0.002 -20"><span class='ocrx_word' id='word_1_124' title='bbox 62 1992 316 2083; x_wconf 83' lang='grc' dir='ltr'><strong><em>κατορθώματα.</em></strong></span> <span class='ocrx_word' id='word_1_125' title='bbox 361 1993 423 2079; x_wconf 80' lang='grc' dir='ltr'><strong><em>τήν</em></strong></span> <span class='ocrx_word' id='word_1_126' title='bbox 450 2019 487 2077; x_wconf 90' lang='grc' dir='ltr'><strong><em>γε</em></strong></span> <span class='ocrx_word' id='word_1_127' title='bbox 515 1991 581 2080; x_wconf 80' lang='grc' dir='ltr'><strong><em>μὴν</em></strong></span> <span class='ocrx_word' id='word_1_128' title='bbox 610 1993 746 2080; x_wconf 85' lang='grc' dir='ltr'><strong><em>ίππικὴν</em></strong></span> <span class='ocrx_word' id='word_1_129' title='bbox 775 1996 827 2061; x_wconf 78' lang='grc' dir='ltr'><strong><em>καί</em></strong></span> <span class='ocrx_word' id='word_1_130' title='bbox 858 1992 920 2080; x_wconf 83' lang='grc' dir='ltr'><strong><em>τὴν</em></strong></span> <span class='ocrx_word' id='word_1_131' title='bbox 948 1996 984 2061; x_wconf 82' lang='grc' dir='ltr'><strong><em>ἐν</em></strong></span> <span class='ocrx_word' id='word_1_132' title='bbox 1011 2009 1081 2074; x_wconf 78' lang='grc' dir='ltr'><strong><em>τοῖς</em></strong></span> 
     </span>
     <span class='ocr_line' id='line_1_19' title="bbox 63 2090 1081 2188; baseline -0.002 -19"><span class='ocrx_word' id='word_1_133' title='bbox 63 2100 203 2188; x_wconf 75' lang='grc' dir='ltr'><strong><em>δρόμοις</em></strong></span> <span class='ocrx_word' id='word_1_134' title='bbox 236 2099 428 2185; x_wconf 86' lang='grc' dir='ltr'><strong><em>κουφότητα</em></strong></span> <span class='ocrx_word' id='word_1_135' title='bbox 461 2090 526 2188; x_wconf 89' lang='grc' dir='ltr'><strong><em>ἀρά</em></strong></span> <span class='ocrx_word' id='word_1_136' title='bbox 560 2120 614 2166; x_wconf 90' lang='grc' dir='ltr'><strong><em>σοι</em></strong></span> <span class='ocrx_word' id='word_1_137' title='bbox 646 2106 853 2188; x_wconf 79' lang='grc' dir='ltr'><strong><em>παραβαλεῖν</em></strong></span> <span class='ocrx_word' id='word_1_138' title='bbox 886 2097 980 2180; x_wconf 81' lang='grc' dir='ltr'><strong><em>ἀξιον</em></strong></span> <span class='ocrx_word' id='word_1_139' title='bbox 1012 2103 1081 2167; x_wconf 79' lang='grc' dir='ltr'><strong><em>τῶν</em></strong></span> 
     </span>
     <span class='ocr_line' id='line_1_20' title="bbox 64 2202 1079 2297; baseline -0.001 -22"><span class='ocrx_word' id='word_1_140' title='bbox 64 2206 216 2297; x_wconf 79' lang='grc' dir='ltr'><strong><em>πρόσθεν</em></strong></span> <span class='ocrx_word' id='word_1_141' title='bbox 247 2203 327 2285; x_wconf 81' lang='grc' dir='ltr'><strong><em>τοὺς</em></strong></span> <span class='ocrx_word' id='word_1_142' title='bbox 358 2202 546 2293; x_wconf 82' lang='grc' dir='ltr'><strong><em>ἀραμένους</em></strong></span> <span class='ocrx_word' id='word_1_143' title='bbox 578 2202 685 2293; x_wconf 79' lang='grc' dir='ltr'><strong><em>ὄνομα</em></strong></span> <span class='ocrx_word' id='word_1_144' title='bbox 717 2208 770 2273; x_wconf 76' lang='grc' dir='ltr'><strong><em>καί</em></strong></span> <span class='ocrx_word' id='word_1_145' title='bbox 801 2205 904 2286; x_wconf 83' lang='grc' dir='ltr'><strong><em>δόξαν</em></strong></span> <span class='ocrx_word' id='word_1_146' title='bbox 932 2214 1079 2293; x_wconf 71' lang='grc' dir='ltr'><strong><em>μείζονας</em></strong></span> 
     </span>
     <span class='ocr_line' id='line_1_21' title="bbox 30 2306 1080 2402; baseline 0.001 -22"><span class='ocrx_word' id='word_1_147' title='bbox 30 2306 85 2399; x_wconf 75' lang='grc' dir='ltr'><strong><em>1λῆ</em></strong></span> <span class='ocrx_word' id='word_1_148' title='bbox 111 2310 150 2380; x_wconf 87' lang='grc' dir='ltr'><strong><em>τὸ</em></strong></span> <span class='ocrx_word' id='word_1_149' title='bbox 178 2310 240 2399; x_wconf 76' lang='grc' dir='ltr'><strong><em>μὲν</em></strong></span> <span class='ocrx_word' id='word_1_150' title='bbox 268 2306 349 2379; x_wconf 70' lang='grc' dir='ltr'><strong><em>οὐδὲ</em></strong></span> <span class='ocrx_word' id='word_1_151' title='bbox 367 2308 494 2401; x_wconf 81' lang='grc' dir='ltr'><strong><em>ηὕρητό</em></strong></span> <span class='ocrx_word' id='word_1_152' title='bbox 522 2339 587 2395; x_wconf 65' lang='lat' dir='ltr'><strong><em>mm</em></strong></span> <span class='ocrx_word' id='word_1_153' title='bbox 616 2309 739 2401; x_wconf 86' lang='grc' dir='ltr'><strong><em>άρμασι</em></strong></span> <span class='ocrx_word' id='word_1_154' title='bbox 767 2310 831 2401; x_wconf 80' lang='grc' dir='ltr'><strong><em>γάρ</em></strong></span> <span class='ocrx_word' id='word_1_155' title='bbox 860 2314 1005 2402; x_wconf 82' lang='grc' dir='ltr'><strong><em>ἕχρώντο</em></strong></span> <span class='ocrx_word' id='word_1_156' title='bbox 1024 2316 1080 2381; x_wconf 84' lang='grc' dir='ltr'><strong><em>καὶ</em></strong></span> 
     </span>
    </p>

    <p class='ocr_par' dir='ltr' id='par_1_4' title="bbox 9 2414 1079 2517">
     <span class='ocr_line' id='line_1_22' title="bbox 9 2414 1079 2517; baseline -0.001 -30"><span class='ocrx_word' id='word_1_157' title='bbox 9 2442 14 2517; x_wconf 61' lang='lat' dir='ltr'>j</span> <span class='ocrx_word' id='word_1_158' title='bbox 65 2414 159 2487; x_wconf 77' lang='grc' dir='ltr'><strong><em>οὕτω</em></strong></span> <span class='ocrx_word' id='word_1_159' title='bbox 186 2416 310 2497; x_wconf 80' lang='grc' dir='ltr'><strong><em>πώλοις</em></strong></span> <span class='ocrx_word' id='word_1_160' title='bbox 337 2415 441 2499; x_wconf 79' lang='grc' dir='ltr'><strong><em>ἀζυξι·</em></strong></span> <span class='ocrx_word' id='word_1_161' title='bbox 474 2418 564 2506; x_wconf 89' lang='grc' dir='ltr'><strong><em>τάχει</em></strong></span> <span class='ocrx_word' id='word_1_162' title='bbox 593 2419 630 2486; x_wconf 75' lang='grc' dir='ltr'><strong><em>δὲ</em></strong></span> <span class='ocrx_word' id='word_1_163' title='bbox 658 2416 748 2498; x_wconf 82' lang='grc' dir='ltr'><strong><em>ὅστις</em></strong></span> <span class='ocrx_word' id='word_1_164' title='bbox 776 2417 944 2506; x_wconf 79' lang='grc' dir='ltr'><strong><em>διήνεγκε,</em></strong></span> <span class='ocrx_word' id='word_1_165' title='bbox 971 2419 1079 2509; x_wconf 83' lang='grc' dir='ltr'><strong><em>τοάτφ</em></strong></span> 
     </span>
    </p>

    <p class='ocr_par' dir='ltr' id='par_1_5' title="bbox 9 2521 1123 2827">
     <span class='ocr_line' id='line_1_23' title="bbox 9 2521 1078 2615; baseline 0 -22"><span class='ocrx_word' id='word_1_166' title='bbox 9 2532 14 2604; x_wconf 68' lang='grc' dir='ltr'>ἱ</span> <span class='ocrx_word' id='word_1_167' title='bbox 64 2522 147 2614; x_wconf 87' lang='grc' dir='ltr'><strong><em>πρὸς</em></strong></span> <span class='ocrx_word' id='word_1_168' title='bbox 179 2523 216 2592; x_wconf 68' lang='grc' dir='ltr'><strong><em>σε</em></strong></span> <span class='ocrx_word' id='word_1_169' title='bbox 249 2524 387 2610; x_wconf 81' lang='grc' dir='ltr'><strong><em>γε’γονεν</em></strong></span> <span class='ocrx_word' id='word_1_170' title='bbox 424 2521 631 2612; x_wconf 83' lang='grc' dir='ltr'><strong><em>ἀμφήριστος</em></strong></span> <span class='ocrx_word' id='word_1_171' title='bbox 668 2532 789 2615; x_wconf 89' lang='grc' dir='ltr'><strong><em>κρίσις·</em></strong></span> <span class='ocrx_word' id='word_1_172' title='bbox 827 2525 921 2606; x_wconf 88' lang='grc' dir='ltr'><strong><em>τάξιν</em></strong></span> <span class='ocrx_word' id='word_1_173' title='bbox 954 2523 991 2594; x_wconf 72' lang='grc' dir='ltr'><strong><em>δὲ</em></strong></span> <span class='ocrx_word' id='word_1_174' title='bbox 1023 2554 1078 2593; x_wconf 90' lang='grc' dir='ltr'><strong><em>κο-</em></strong></span> 
     </span>
     <span class='ocr_line' id='line_1_24' title="bbox 65 2630 1123 2719; baseline -0.002 -22"><span class='ocrx_word' id='word_1_175' title='bbox 65 2632 188 2719; x_wconf 79' lang='grc' dir='ltr'><strong><em>σμῆσαι</em></strong></span> <span class='ocrx_word' id='word_1_176' title='bbox 224 2632 280 2698; x_wconf 81' lang='grc' dir='ltr'><strong><em>καὶ</em></strong></span> <span class='ocrx_word' id='word_1_177' title='bbox 317 2630 473 2717; x_wconf 80' lang='grc' dir='ltr'><strong><em>φάλαγγα</em></strong></span> <span class='ocrx_word' id='word_1_178' title='bbox 511 2630 661 2712; x_wconf 82' lang='grc' dir='ltr'><strong><em>διατάξαι</em></strong></span> <span class='ocrx_word' id='word_1_179' title='bbox 697 2635 804 2712; x_wconf 78' lang='grc' dir='ltr'><strong><em>καλῶς</em></strong></span> <span class='ocrx_word' id='word_1_180' title='bbox 841 2638 936 2700; x_wconf 82' lang='grc' dir='ltr'><strong><em>δοκεῖ</em></strong></span> <span class='ocrx_word' id='word_1_181' title='bbox 969 2640 1123 2701; x_wconf 83' lang='grc' dir='ltr'><strong><em>Μενε-Ι)</em></strong></span> 
     </span>
     <span class='ocr_line' id='line_1_25' title="bbox 65 2734 1078 2827; baseline 0 -21"><span class='ocrx_word' id='word_1_182' title='bbox 65 2734 167 2817; x_wconf 79' lang='grc' dir='ltr'><strong><em>σθεὺς</em></strong></span> <span class='ocrx_word' id='word_1_183' title='bbox 194 2735 378 2826; x_wconf 90' lang='grc' dir='ltr'><strong><em>κράτιστος,</em></strong></span> <span class='ocrx_word' id='word_1_184' title='bbox 406 2738 462 2805; x_wconf 82' lang='grc' dir='ltr'><strong><em>καὶ</em></strong></span> <span class='ocrx_word' id='word_1_185' title='bbox 489 2736 597 2827; x_wconf 79' lang='grc' dir='ltr'><strong><em>τούτῳ</em></strong></span> <span class='ocrx_word' id='word_1_186' title='bbox 626 2736 682 2806; x_wconf 84' lang='grc' dir='ltr'><strong><em>διά</em></strong></span> <span class='ocrx_word' id='word_1_187' title='bbox 710 2735 772 2825; x_wconf 79' lang='grc' dir='ltr'><strong><em>τὴν</em></strong></span> <span class='ocrx_word' id='word_1_188' title='bbox 800 2734 932 2825; x_wconf 77' lang='grc' dir='ltr'><strong><em>ἡλικίαν</em></strong></span> <span class='ocrx_word' id='word_1_189' title='bbox 961 2734 978 2806; x_wconf 85' lang='grc' dir='ltr'>ὁ</span> <span class='ocrx_word' id='word_1_190' title='bbox 1007 2739 1078 2806; x_wconf 87' lang='grc' dir='ltr'><strong><em>Πό-</em></strong></span> 
     </span>
    </p>

    <p class='ocr_par' dir='ltr' id='par_1_6' title="bbox 9 2838 1082 2935">
     <span class='ocr_line' id='line_1_26' title="bbox 9 2838 1082 2935; baseline 0.001 -24"><span class='ocrx_word' id='word_1_191' title='bbox 9 2852 133 2935; x_wconf 59' lang='lat' dir='ltr'><strong><em>mog</em></strong></span> <span class='ocrx_word' id='word_1_192' title='bbox 165 2839 229 2930; x_wconf 84' lang='grc' dir='ltr'><strong><em>οόχ</em></strong></span> <span class='ocrx_word' id='word_1_193' title='bbox 261 2838 394 2929; x_wconf 84' lang='grc' dir='ltr'><strong><em>ὑφίεται</em></strong></span> <span class='ocrx_word' id='word_1_194' title='bbox 426 2846 484 2931; x_wconf 81' lang='grc' dir='ltr'><strong><em>της</em></strong></span> <span class='ocrx_word' id='word_1_195' title='bbox 516 2846 691 2933; x_wconf 81' lang='grc' dir='ltr'><strong><em>ἐμπειρίας.</em></strong></span> <span class='ocrx_word' id='word_1_196' title='bbox 738 2841 820 2911; x_wconf 86' lang='grc' dir='ltr'><strong><em>ἀλλά</em></strong></span> <span class='ocrx_word' id='word_1_197' title='bbox 852 2848 920 2911; x_wconf 80' lang='grc' dir='ltr'><strong><em>τῶν</em></strong></span> <span class='ocrx_word' id='word_1_198' title='bbox 952 2845 1014 2931; x_wconf 77' lang='grc' dir='ltr'><strong><em>μὲν</em></strong></span> <span class='ocrx_word' id='word_1_199' title='bbox 1047 2850 1082 2912; x_wconf 90' lang='grc' dir='ltr'><strong><em>οί</em></strong></span> 
     </span>
    </p>

    <p class='ocr_par' dir='ltr' id='par_1_7' title="bbox 9 2937 1080 3077">
     <span class='ocr_line' id='line_1_27' title="bbox 9 2937 1080 3077; baseline 0.002 -60"><span class='ocrx_word' id='word_1_200' title='bbox 9 2937 14 3077; x_wconf 50' lang='grc' dir='ltr'>Ἰ</span> <span class='ocrx_word' id='word_1_201' title='bbox 64 2952 215 3038; x_wconf 76' lang='grc' dir='ltr'><strong><em>πολέμιοι</em></strong></span> <span class='ocrx_word' id='word_1_202' title='bbox 242 2949 399 3029; x_wconf 89' lang='grc' dir='ltr'><strong><em>πολλάκις</em></strong></span> <span class='ocrx_word' id='word_1_203' title='bbox 426 2949 484 3030; x_wconf 87' lang='grc' dir='ltr'><strong><em>τάς</em></strong></span> <span class='ocrx_word' id='word_1_204' title='bbox 510 2949 616 3031; x_wconf 83' lang='grc' dir='ltr'><strong><em>τάξεις</em></strong></span> <span class='ocrx_word' id='word_1_205' title='bbox 643 2951 886 3039; x_wconf 87' lang='grc' dir='ltr'><strong><em>συνετάραξαν,</em></strong></span> <span class='ocrx_word' id='word_1_206' title='bbox 914 2952 970 3019; x_wconf 81' lang='grc' dir='ltr'><strong><em>καὶ</em></strong></span> <span class='ocrx_word' id='word_1_207' title='bbox 999 2948 1080 3019; x_wconf 68' lang='grc' dir='ltr'><strong><em>οὐδὲ</em></strong></span> 
     </span>
    </p>
   </div>
   <div class='ocr_carea' id='block_1_3' title="bbox 8 3125 1077 3540">
    <p class='ocr_par' dir='ltr' id='par_1_8' title="bbox 129 3125 1077 3199">
     <span class='ocr_line' id='line_1_28' title="bbox 129 3125 1077 3199; baseline 0.003 -15"><span class='ocrx_word' id='word_1_208' title='bbox 129 3128 315 3196; x_wconf 82' lang='grc' dir='ltr'><strong><em>4τάδελφοῦ</em></strong></span> <span class='ocrx_word' id='word_1_209' title='bbox 334 3130 370 3199; x_wconf 80' lang='lat' dir='ltr'><strong><em>V]</em></strong></span> <span class='ocrx_word' id='word_1_210' title='bbox 395 3149 447 3185; x_wconf 89' lang='grc' dir='ltr'><strong><em>του</em></strong></span> <span class='ocrx_word' id='word_1_211' title='bbox 466 3125 597 3199; x_wconf 89' lang='grc' dir='ltr'><strong><em>άδελφου</em></strong></span> <span class='ocrx_word' id='word_1_212' title='bbox 666 3138 682 3186; x_wconf 89' lang='grc'>8</span> <span class='ocrx_word' id='word_1_213' title='bbox 706 3134 772 3195; x_wconf 87' lang='grc' dir='ltr'><strong><em>φίλε</em></strong></span> <span class='ocrx_word' id='word_1_214' title='bbox 791 3152 843 3186; x_wconf 84' lang='lat' dir='ltr'><strong><em>om.</em></strong></span> <span class='ocrx_word' id='word_1_215' title='bbox 863 3137 885 3185; x_wconf 93' lang='lat' dir='ltr'>V</span> <span class='ocrx_word' id='word_1_216' title='bbox 955 3140 1077 3187; x_wconf 87' lang='grc' dir='ltr'><strong><em>9κατα-</em></strong></span> 
     </span>
    </p>

    <p class='ocr_par' dir='ltr' id='par_1_9' title="bbox 8 3192 1077 3540">
     <span class='ocr_line' id='line_1_29' title="bbox 8 3192 1076 3268; baseline -0.002 -13"><span class='ocrx_word' id='word_1_217' title='bbox 8 3202 11 3255; x_wconf 85' lang='lat'>!</span> <span class='ocrx_word' id='word_1_218' title='bbox 63 3194 206 3265; x_wconf 79' lang='grc' dir='ltr'><strong><em>βάλλοντα</em></strong></span> <span class='ocrx_word' id='word_1_219' title='bbox 233 3199 273 3267; x_wconf 92' lang='lat' dir='ltr'><strong><em>V]</em></strong></span> <span class='ocrx_word' id='word_1_220' title='bbox 299 3192 503 3265; x_wconf 85' lang='grc' dir='ltr'><strong><em>καταβαλόντα</em></strong></span> <span class='ocrx_word' id='word_1_221' title='bbox 589 3207 620 3254; x_wconf 89' lang='grc'><strong><em>10</em></strong></span> <span class='ocrx_word' id='word_1_222' title='bbox 647 3196 772 3253; x_wconf 77' lang='grc' dir='ltr'><strong><em>παιδιάν</em></strong></span> <span class='ocrx_word' id='word_1_223' title='bbox 789 3200 826 3268; x_wconf 86' lang='lat' dir='ltr'><strong><em>fl.]</em></strong></span> <span class='ocrx_word' id='word_1_224' title='bbox 851 3201 1001 3254; x_wconf 87' lang='grc' dir='ltr'><strong><em>παιδείαν.</em></strong></span> <span class='ocrx_word' id='word_1_225' title='bbox 1040 3206 1076 3254; x_wconf 82' lang='lat' dir='ltr'><strong><em>cf.</em></strong></span> 
     </span>
     <span class='ocr_line' id='line_1_30' title="bbox 64 3263 1075 3389; baseline 0 -71"><span class='ocrx_word' id='word_1_226' title='bbox 64 3270 145 3319; x_wconf 74' lang='lat'>1241)</span> <span class='ocrx_word' id='word_1_227' title='bbox 218 3271 248 3318; x_wconf 78' lang='lat'><strong><em>12</em></strong></span> <span class='ocrx_word' id='word_1_228' title='bbox 275 3267 482 3330; x_wconf 84' lang='grc' dir='ltr'><strong><em>καταδείσαιμι</em></strong></span> <span class='ocrx_word' id='word_1_229' title='bbox 507 3267 544 3334; x_wconf 93' lang='lat' dir='ltr'><strong><em>V]</em></strong></span> <span class='ocrx_word' id='word_1_230' title='bbox 560 3270 796 3389; x_wconf 84' lang='grc' dir='ltr'><strong><em>καταδείοαιμεν</em></strong></span> <span class='ocrx_word' id='word_1_231' title='bbox 866 3274 898 3321; x_wconf 86' lang='grc'><strong><em>13</em></strong></span> <span class='ocrx_word' id='word_1_232' title='bbox 920 3263 1013 3323; x_wconf 81' lang='grc' dir='ltr'><strong><em>ου’τοῦ</em></strong></span> <span class='ocrx_word' id='word_1_233' title='bbox 1037 3270 1075 3335; x_wconf 87' lang='grc' dir='ltr'><strong><em>Μ,</em></strong></span> 
     </span>
     <span class='ocr_line' id='line_1_31' title="bbox 62 3311 1076 3417; baseline 0.002 -32"><span class='ocrx_word' id='word_1_234' title='bbox 62 3352 112 3417; x_wconf 78' lang='grc' dir='ltr'><strong><em>ειη.</em></strong></span> <span class='ocrx_word' id='word_1_235' title='bbox 131 3337 155 3385; x_wconf 89' lang='lat' dir='ltr'>V</span> <span class='ocrx_word' id='word_1_236' title='bbox 226 3339 258 3387; x_wconf 73' lang='lat'><strong><em>15</em></strong></span> <span class='ocrx_word' id='word_1_237' title='bbox 275 3336 392 3417; x_wconf 61' lang='lat' dir='ltr'>Iliam,</span> <span class='ocrx_word' id='word_1_238' title='bbox 410 3332 571 3399; x_wconf 86' lang='grc' dir='ltr'><strong><em>3851εί</em></strong></span> <span class='ocrx_word' id='word_1_239' title='bbox 541 3353 568 3387; x_wconf 93' lang='grc' dir='ltr'><strong><em>οι</em></strong></span> <span class='ocrx_word' id='word_1_240' title='bbox 587 3333 671 3417; x_wconf 87' lang='grc' dir='ltr'><strong><em>Μ,εί</em></strong></span> <span class='ocrx_word' id='word_1_241' title='bbox 733 3335 806 3401; x_wconf 81' lang='grc' dir='ltr'><strong><em>ν,εί</em></strong></span> <span class='ocrx_word' id='word_1_242' title='bbox 824 3334 855 3389; x_wconf 75' lang='lat' dir='ltr'><strong><em>ol</em></strong></span> <span class='ocrx_word' id='word_1_243' title='bbox 870 3339 950 3388; x_wconf 87' lang='lat' dir='ltr'><strong>Hom.</strong></span> <span class='ocrx_word' id='word_1_244' title='bbox 961 3311 1076 3402; x_wconf 76' lang='grc' dir='ltr'><strong><em>Ι-Ιέφαρ</em></strong></span> 
     </span>
     <span class='ocr_line' id='line_1_32' title="bbox 62 3333 1077 3471; baseline 0.001 -18.001"><span class='ocrx_word' id='word_1_245' title='bbox 62 3398 158 3465; x_wconf 85' lang='grc' dir='ltr'><strong><em>αόσειε</em></strong></span> <span class='ocrx_word' id='word_1_246' title='bbox 181 3406 240 3455; x_wconf 90' lang='lat' dir='ltr'><strong><em>VM</em></strong></span> <span class='ocrx_word' id='word_1_247' title='bbox 311 3406 342 3454; x_wconf 83' lang='lat'><strong><em>16</em></strong></span> <span class='ocrx_word' id='word_1_248' title='bbox 364 3393 497 3463; x_wconf 73' lang='grc' dir='ltr'><strong><em>ἅπαντας</em></strong></span> <span class='ocrx_word' id='word_1_249' title='bbox 520 3395 603 3471; x_wconf 81' lang='lat' dir='ltr'><strong><em>H]‘&#39;</em></strong></span> <span class='ocrx_word' id='word_1_250' title='bbox 583 3333 718 3456; x_wconf 66' lang='grc' dir='ltr'><strong><em>ακαντάί</em></strong></span> <span class='ocrx_word' id='word_1_251' title='bbox 777 3408 809 3455; x_wconf 87' lang='lat'><strong><em>18</em></strong></span> <span class='ocrx_word' id='word_1_252' title='bbox 831 3424 872 3457; x_wconf 87' lang='grc' dir='ltr'><strong><em>ποι</em></strong></span> <span class='ocrx_word' id='word_1_253' title='bbox 892 3397 1029 3471; x_wconf 87' lang='grc' dir='ltr'><strong><em>αβάλλειν</em></strong></span> <span class='ocrx_word' id='word_1_254' title='bbox 1052 3406 1077 3454; x_wconf 94' lang='lat' dir='ltr'><strong>V</strong></span> 
     </span>
     <span class='ocr_line' id='line_1_33' title="bbox 62 3424 1073 3540; baseline -0.001 -16.985"><span class='ocrx_word' id='word_1_255' title='bbox 62 3476 94 3523; x_wconf 69' lang='lat'><strong><em>2¹0</em></strong></span> <span class='ocrx_word' id='word_1_256' title='bbox 117 3462 222 3538; x_wconf 77' lang='grc' dir='ltr'><strong><em>εόρητό</em></strong></span> <span class='ocrx_word' id='word_1_257' title='bbox 238 3487 282 3522; x_wconf 86' lang='grc' dir='ltr'><strong><em>πω</em></strong></span> <span class='ocrx_word' id='word_1_258' title='bbox 301 3472 328 3521; x_wconf 87' lang='grc' dir='ltr'><strong><em>Μ</em></strong></span> <span class='ocrx_word' id='word_1_259' title='bbox 397 3474 429 3522; x_wconf 81' lang='lat'><strong><em>21</em></strong></span> <span class='ocrx_word' id='word_1_260' title='bbox 452 3464 595 3535; x_wconf 69' lang='grc' dir='ltr'><strong><em>ἀζυξινλί</em></strong></span> <span class='ocrx_word' id='word_1_261' title='bbox 665 3475 698 3524; x_wconf 80' lang='lat'><strong><em>22</em></strong></span> <span class='ocrx_word' id='word_1_262' title='bbox 716 3468 787 3537; x_wconf 85' lang='grc' dir='ltr'><strong><em>πρὸς</em></strong></span> <span class='ocrx_word' id='word_1_263' title='bbox 806 3470 836 3524; x_wconf 79' lang='grc' dir='ltr'><strong><em>σὲ</em></strong></span> <span class='ocrx_word' id='word_1_264' title='bbox 856 3424 973 3540; x_wconf 69' lang='grc' dir='ltr'><strong><em>γάγονεν</em></strong></span> <span class='ocrx_word' id='word_1_265' title='bbox 991 3472 1073 3538; x_wconf 87' lang='lat' dir='ltr'><strong>Rsk.]</strong></span> 
     </span>
    </p>
   </div>
   <div class='ocr_carea' id='block_1_4' title="bbox 61 3531 556 3605">
    <p class='ocr_par' dir='ltr' id='par_1_10' title="bbox 61 3531 556 3605">
     <span class='ocr_line' id='line_1_34' title="bbox 61 3531 556 3605; baseline 0 -16"><span class='ocrx_word' id='word_1_266' title='bbox 61 3536 253 3605; x_wconf 74' lang='grc' dir='ltr'><strong><em>προσγέγονεν</em></strong></span> <span class='ocrx_word' id='word_1_267' title='bbox 322 3542 355 3591; x_wconf 83' lang='lat'><strong><em>23</em></strong></span> <span class='ocrx_word' id='word_1_268' title='bbox 373 3531 472 3592; x_wconf 73' lang='grc' dir='ltr'><strong><em>ἐδόκει</em></strong></span> <span class='ocrx_word' id='word_1_269' title='bbox 490 3540 556 3590; x_wconf 83' lang='lat' dir='ltr'><strong>Rsk.</strong></span> 
     </span>
    </p>
   </div>
   <div class='ocr_carea' id='block_1_5' title="bbox 827 3623 864 3677">
    <p class='ocr_par' dir='ltr' id='par_1_11' title="bbox 827 3623 864 3677">
     <span class='ocr_line' id='line_1_35' title="bbox 827 3623 864 3677; baseline 0 -22"><span class='ocrx_word' id='word_1_270' title='bbox 827 3623 864 3677; x_wconf 74' lang='lat'><strong><em>5*</em></strong></span> 
     </span>
    </p>
   </div>
   <div class='ocr_carea' id='block_1_6' title="bbox 0 0 1200 3960">
    <p class='ocr_par' dir='ltr' id='par_1_12' title="bbox 0 0 1200 3960">
     <span class='ocr_line' id='line_1_36' title="bbox 0 0 1200 3960; baseline 0 1"><span class='ocrx_word' id='word_1_271' title='bbox 0 0 1200 3960; x_wconf 95' lang='lat' dir='ltr'><strong><em> </em></strong></span> 
     </span>
    </p>
   </div>
  </div>
 </body>
</html>
