2392 3960
497 175 631 228 οαΑΤεο
651 175 698 228 v1.
959 214 968 223 .
1040 177 1104 240 235

81 306 185 386 ἴσμεν
212 295 264 367 ότι
291 299 437 389 χαλεπὸν
464 297 482 371 ὁ
510 302 676 388 θάνατος,
703 307 759 371 καὶ
786 300 823 372 τὸ
852 317 967 372 νοσεῖν
993 305 1102 372 δεινό-

80 431 185 491 τερον
213 403 320 476 αὐτοῦ
348 427 432 495 φασι
457 411 519 477 τοῦ
537 409 702 495 θανάτου,
729 407 767 478 τὸ
796 412 917 499 ῥιγοῦν
944 410 982 479 δὲ
1010 419 1102 498 χαλε-

81 510 240 601 πῶτεροσ
272 516 334 583 τοῦ
370 529 494 583 νοσεῖν.
550 511 568 584 ὁ
601 515 663 603 μὲν
699 512 763 605 γάρ
799 518 913 585 νοσῶν
948 519 1103 605 μαλακῶς

82 615 163 686 ἔσθ’
193 615 248 687 ὅτε
274 621 509 708 θεραπεύεται,
539 618 622 690 ῶστε
655 623 807 709 [ἑαυτοῦ]
841 630 998 709 γίνεσθαι
1024 651 1102 712 τρυ-

50 720 158 811 οφὴν
194 722 387 817 αὐτόχρημα
422 725 484 815 την
521 725 726 818 άρρωστίαν,
764 726 871 810 άλλως
906 756 941 797 τε
981 725 1045 798 κάν
1082 720 1142 818 ᾗΟ

81 830 253 913 πλούσιος.
304 834 494 922 ἐθεασάμην
525 862 577 904 τοι
603 836 668 907 ,καὶ
706 831 808 914 αῦτὸς
845 833 888 922 νὴ
922 839 992 902 Δία
1024 862 1102 923 τρν-

84 937 223 1023 φῶντάς
249 965 343 1020 τινας
370 943 407 1009 ἐν
434 956 506 1022 ταῖς
532 941 647 1022 νόσοις
674 943 801 1029 μᾶλλον
828 936 848 1029 ἢ
877 940 1018 1022 τούτους
1041 937 1102 1008 αό-
1159 943 1163 949 ’

83 1041 166 1123 τοὺς
193 1039 421 1132 ὑγιαίνοντας·
449 1054 557 1117 καίτοι
585 1074 622 1133 γε
648 1049 703 1116 καὶ
723 1046 796 1115 τότε
823 1050 980 1136 λαμπρῶς
1007 1047 1101 1135 ἐτρό-

84 1177 171 1236 φων.
191 1148 275 1220 ὅθεν
301 1180 357 1240 μοι
384 1157 440 1223 καὶ
467 1157 612 1242 παρέστη
640 1154 724 1242 πρός
749 1181 843 1235 τινας
868 1157 937 1222 τῶν
961 1155 1103 1243 ἑταίρων

38 1281 68 1322 ιο
86 1261 207 1341 εἰπεῖν,
249 1253 294 1339 ῶς
328 1259 460 1341 τούτοις
501 1257 640 1347 άμεινον
675 1252 718 1349 ἦν
759 1262 901 1340 οἰκέταις
941 1261 1100 1346 γενέσθαι

83 1364 214 1450 μάλλον
240 1359 464 1453 ἢθεσπόταις,
492 1369 548 1435 καί
566 1368 728 1436 πίνεσθαι
747 1369 809 1435 τοῦ
835 1374 955 1454 κρίνου
975 1393 1099 1454 γυμνο-

83 1470 193 1556 τέροις
220 1461 318 1538 οὖσιν
345 1468 366 1560 ἢ
385 1482 543 1542 πλουτεῖν
571 1470 680 1563 ῶσπερ
698 1474 773 1542 νῦν.
810 1464 914 1561 ἦμάρ
938 1468 981 1540 άν
1000 1472 1100 1541 ε’παό-

85 1595 189 1642 σαντο
226 1580 408 1659 νοσοῦντες
443 1577 510 1666 ἅμα
547 1581 602 1647 καὶ
639 1581 841 1668 τρυφῶντες.
867 1574 928 1647 ,τό
960 1579 1021 1667 μὲν
1059 1576 1144 1665 θὴλ)

84 1697 292 1769 νοσοτυφείν
319 1686 374 1752 καί
401 1685 648 1772 νοσηλεόεσθαι
665 1687 845 1776 τρυφηλῶς
873 1679 1000 1754 οῦτωσί
1014 1711 1102 1765 τινες

41 1811 70 1852 15
85 1789 123 1855 ἐν
150 1791 240 1878 καλῷ
268 1793 459 1858 ποιοῦνται·
486 1788 573 1880 ἀνὴρ
601 1791 639 1861 δὲ
665 1794 728 1860 τοῦ
749 1791 876 1880 κρύους
902 1787 1102 1878 ἀνεχόμενος

84 1894 142 1962 καὶ
169 1893 300 1976 θάλπος
327 1899 498 1985 καρτερῶν
526 1894 601 1984 οῦχὶ
620 1898 763 1966 καὶτῶν
782 1895 977 1965 νοσούντων
1005 1893 1100 1965 άθλι-

84 1999 214 2088 ω’τερον
240 2001 390 2091 πράττεις
418 1999 515 2089 άλχεί
538 2005 626 2089 χοῦν
652 1999 909 2091 άπαραμόθητα.

147 2109 280 2197 Δεῦρο
300 2099 374 2177 ὀῦν
400 2105 493 2198 ἡμεῖς
520 2105 603 2198 ὑπὲρ
635 2112 703 2177 τῶν
730 2110 891 2176 Κυνικῶν
917 2102 1025 2176 ὁπόσα
1054 2112 1102 2175 θι-

85 2211 264 2282 δασκάλων
295 2211 488 2303 ἠκούσαμεν
519 2219 557 2284 ἐν
593 2218 695 2308 κοινῷ
727 2216 927 2301 καταθῶμεν
966 2228 1104 2282 σκοπεῖν

44 2343 72 2384 ιο
85 2334 157 2400 τοῖς
176 2322 228 2388 ἐπὶ
247 2318 308 2392 τὸν
334 2327 413 2409 βίον
432 2324 523 2390 ἰοῦσι
549 2324 684 2392 τοῦτον·
713 2315 764 2402 οἷς
786 2325 818 2389 εί
843 2320 904 2408 μὲν
922 2329 1103 2405 πεισθεῖεν,

87 2416 126 2494 εὖ
160 2423 253 2509 οἶδα,
291 2424 395 2496 οὐδὲν
432 2433 468 2498 oz
501 2456 539 2516 γε
575 2431 642 2497 νῦν
674 2429 917 2516 ἐπιχειροῦντες
953 2431 1156 2507 κυνίζεινιεε

87 2537 221 2601 ἔσονται
249 2539 394 2623 χείρους·
427 2531 649 2616 άπενθοῦντες
676 2533 714 2604 δὲ
741 2539 772 2602 εί
794 2533 860 2622 μέν
892 2558 923 2601 τι
951 2528 1104 2623 λαμπρόν

86 2639 143 2707 καὶ
172 2637 296 2727 σεμνὸν
324 2640 584 2729 ίπιτηδεάσειαν,
611 2637 892 2731 ὑπερφρονοῦντες
914 2636 974 2709 τὸν
1001 2637 1104 2726 λόχον

85 2740 147 2813 τόν
174 2740 349 2835 ἡμέτερον,
381 2744 455 2816 οῦτι
482 2761 553 2829 τοῖς
580 2748 740 2837 ῥήμασιν,
773 2743 855 2815 ἀλλὰ
886 2760 957 2826 τοῖς
984 2749 1104 2832 ἔργοις,
1144 2824 1149 2831 .

47 2875 73 2917 εο
87 2848 191 2920 οὐδὲν
228 2852 390 2940 ἐμπόδιον
421 2850 441 2921 ό
474 2880 511 2940 γε
547 2850 704 2943 ἡμέτερος
741 2861 825 2921 οίσει
857 2851 967 2938 λόχος·
1004 2857 1036 2919 εί
1067 2849 1104 2919 δὲ

86 2954 153 3027 ὑπὸ
187 2965 331 3046 λιχνείας
357 2954 379 3047 ἢ
406 2965 569 3047 μαλακίας
595 2958 632 3048 ἥ,
664 2956 702 3029 τὸ
730 2958 915 3046 κεφάλαιον
946 2954 991 3025 ἵν’
1022 2965 1104 3026 είπω

87 3061 237 3146 ξυνελῶν
263 3068 301 3134 ἐν
327 3071 454 3154 βραχεῖ,
482 3068 540 3154 τῆς
567 3068 756 3153 σωματικῆς
783 3061 909 3153 ἡδονῆς
936 3069 1103 3133 δεδουλω-

157 3267 276 3338 2φασι]
298 3287 395 3347 φαμεν
413 3270 520 3334 malim3
540 3271 595 3324 vid
614 3271 651 3322 ad
670 3270 755 3323 189A
840 3272 937 3322 40t5
961 3269 1060 3319 Suidas
1078 3285 1104 3319 v.

84 3333 283 3420 Ἀντισθένης.
302 3327 373 3390 ῶστε
391 3338 528 3405 γίνεσθαι
547 3355 601 3419 την
618 3331 784 3418 ῶρρωστίαν
802 3331 919 3452 τρυφὴν
936 3327 1105 3403 αῦτόχρημα

86 3412 104 3457 4
127 3398 235 3457 ἑαυτοῦ
258 3412 307 3456 aut
329 3405 474 3458 delendum
497 3411 547 3457 aut
564 3397 656 3457 αὐτοῦ
678 3405 725 3456 vel
748 3397 828 3473 αάτῳ
847 3403 1020 3455 scribendum
1090 3405 1106 3451 6

86 3477 180 3549 τοιΙχ
183 3470 258 3524 ίτοι
278 3474 342 3526 sssk.
429 3476 462 3525 20
479 3472 630 3526 πεισθεῖεν
649 3469 685 3538 Η]
705 3458 823 3524 πείθειν
909 3473 941 3521 21
966 3461 1035 3522 οῦδὲ
1038 3487 1053 3520 ν
1068 3469 1106 3535 Η]

87 3492 184 3594 οὐθὲν
252 3544 286 3592 25
303 3531 392 3592 οῦδὲν
411 3537 450 3608 H]
470 3531 563 3594 οόθέν
