2392 3960
104 65 168 129 204
404 63 548 115 IULIANI
569 64 819 117 IMPERATORIS

104 195 294 265 λιτεύεσθαι
320 197 366 286 τῷ
399 199 462 285 βίφ
501 196 576 280 δοίη
609 189 663 279 ἐφ’
699 190 781 262 ὅσον
813 189 905 285 αύτῷ
936 220 971 262 τε
1002 197 1120 289 ἐκείνω
1159 186 1164 235 ’ῑ

105 310 207 390 φίλον
234 297 314 388 ἡμῖν
341 327 375 369 τε
403 300 505 369 λωίον
524 300 580 368 καὶ
606 314 677 380 τοῖς
704 314 830 381 κοινοῖς
853 302 1028 391 συμφέρον
1043 296 1120 370 Ῥω·
1162 342 1164 347 ·

104 414 213 495 μαίων
240 405 440 496 πράγμασιν.

188 514 300 582 Ταῦτά
328 533 393 600 σοι,
421 503 543 599 όφίλε
570 510 765 599 Σαλούστιε,
792 511 877 582 κατὰ
893 510 957 602 την
978 519 1122 606 τριπλῆν
1161 512 1164 591 ζ

70 623 166 700 οτοῦ
198 623 284 689 θεοῦ
316 624 540 709 δημιουργίαν
577 621 613 686 ἐν
649 620 737 708 τρισί
770 619 912 708 μάλιστα
944 623 1042 702 νυξὶν
1075 619 1144 706 ὦςι

106 721 180 797 οἷόν
198 754 233 796 τε
250 719 294 816 ἦν
322 725 505 795 ἐπελθόντα
523 752 579 814 μοι
607 727 647 814 τῇ
675 725 786 814 μνήμη
805 727 860 795 καὶ
887 725 1014 817 γράψαι
1036 729 1122 821 πρὸς

106 833 142 902 σέ
170 834 344 921 ἐτόλμησα,
363 834 437 902 ἐπεί
461 851 514 900 σοι
533 834 589 900 καὶ
615 829 653 900 τὸ
672 832 835 923 πρότερον
858 838 905 915 είς
932 832 973 903 τδι
989 834 1122 925 Κρόνια

105 943 335 1029 γεγραμμένον
362 934 443 1026 ἡμῖν
470 934 512 1007 ού
544 938 755 1007 παντάπασιν
783 936 974 1028 ἀπόβλητον
1002 942 1122 1034 ἐφάνη.

104 1047 316 1134 τελειοτέροις
343 1042 375 1113 δ’
406 1050 437 1112 εί
462 1043 576 1132 βούλει
594 1046 669 1132 περὶ
696 1047 764 1114 τῶν
792 1043 904 1115 αύτῦν
922 1048 979 1115 καὶ
1006 1069 1121 1135 μυστι-

106 1154 262 1243 κωτέροις
289 1151 402 1238 λόγοις
434 1153 621 1240 ἐπιστῆσαι,
659 1149 807 1239 ἐντυχὼν
838 1167 909 1233 τοῖς
941 1178 1031 1244 παρα
1058 1158 1122 1224 τοῦ
1137 1190 1161 1231 ιο

105 1266 204 1329 θειόυ
227 1260 424 1388 γενομένοις
448 1254 636 1345 Ἰαμβλίχου
663 1260 738 1380 περὶ
765 1261 833 1326 τῶν
852 1255 964 1328 αύτῶν
990 1261 1123 1332 τούτων

106 1364 341 1455 συγγράμμασι
367 1361 405 1433 τὸ
431 1365 524 1444 τέλος
556 1366 659 1432 ἐκεῖσε
687 1390 745 1452 της
776 1362 995 1456 ἀνθρωπίνης
1021 1363 1122 1457 εῦρή·

61 1493 175 1553 Βσεις
202 1477 333 1556 σοφίας.
380 1467 516 1558 δοίηδ’
548 1465 695 1558 όμέγας
715 1467 830 1554 Ἥλιος
849 1472 958 1595 μηδὲν
984 1474 1124 1544 ἔλαττόν

106 1606 146 1666 με
172 1606 212 1646 τα
197 1577 304 1668 περὶ
332 1574 438 1645 αύτοῦ
456 1579 595 1663 γνῶναι,
614 1578 669 1644 καὶ
689 1576 821 1658 διδάξαι
839 1596 936 1669 αοινη
962 1606 997 1647 τε
1017 1577 1122 1651 ἀπαν-

106 1713 178 1771 τας,
213 1689 282 1753 ίδία
316 1683 353 1752 δέ
384 1680 463 1764 τοῦς
505 1683 693 1770 μανθάνειν
725 1681 847 1765 ἀξίους.
898 1688 960 1766 ἕως
994 1687 1034 1754 δέ
1064 1714 1123 1775 μοι
1137 1720 1162 1763 ιι

105 1794 205 1860 τοῦτο
239 1796 379 1859 δίδωσιν
412 1785 429 1859 ὁ
458 1789 554 1876 θεός,
586 1792 683 1879 κοινῇ
711 1791 950 1881 θεραπεύωμεν
981 1791 1044 1862 τὸν
1075 1799 1124 1888 τῷ

105 1900 175 1990 θεῷ
204 1903 305 1985 φίλον
330 1893 531 1986 Ἰάμβλιχον,
565 1892 648 1965 ὅθεν
677 1894 750 1984 [δὴ]
778 1899 834 1965 καί
866 1901 932 1967 νῦν
960 1895 1057 1985 ὀλίγα
1085 1905 1124 1973 ἐκ

106 2007 239 2073 πολλῶν
267 2005 320 2072 ἐπὶ
347 2007 434 2073 νοῦν
461 2001 604 2072 ἐλθόντα
624 1998 878 2092 διεληλύθαμεν.
925 2008 1056 2075 ἐκείνου
1084 2008 1124 2078 δέ

106 2103 145 2180 εὖ
173 2109 250 2179 οίδα
279 2106 323 2191 ῦς
341 2106 452 2190 οὐδεὶς
479 2111 549 2200 ἐρεῖ
573 2136 604 2176 τι
622 2109 835 2199 τελειότερον,
864 2107 944 2180 ούδέ
963 2117 994 2181 εί
1014 2114 1124 2185 πολλὰ

106 2217 196 2286 πάνυ
232 2214 573 2307 προσταλαιπωρήσας
606 2216 666 2308 [τῷ
699 2214 802 2309 λόγῳ]
835 2218 1122 2307 ααινοτομήσειεν·
1137 2254 1163 2294 ω

106 2324 279 2412 ἐκβήσεται
307 2323 381 2412 γάρ,
410 2318 453 2404 ὥς
481 2321 580 2408 εἰκός,
607 2325 665 2409 τῆς
693 2319 919 2412 ἀληθεστάτης
946 2328 1008 2394 τοῦ
1034 2332 1124 2398 θεοῦ

55 2431 266 2518 ιιενοήσεως.
312 2421 354 2518 ἦν
381 2430 442 2517 μὲν
470 2419 533 2497 οῦν
561 2437 640 2509 ίσως
667 2428 820 2516 μάταιον,
848 2436 879 2499 εί
905 2435 1125 2517 διδασκαλίας

106 2537 203 2626 χάριν
231 2536 414 2623 ἐποιούμην
441 2533 520 2616 τούς
548 2534 679 2621 λόγους,
707 2532 814 2605 αύτοῦ
842 2534 911 2625 μετ’
941 2539 1072 2608 ἐκεῖνόν
1089 2569 1124 2610 τι

107 2642 326 2732 συγγράφειν,
346 2644 414 2711 ἐπεὶ
443 2641 481 2710 δὲ
498 2639 606 2728 ῦμνον
634 2642 762 2710 ἐθέλων
781 2648 929 2713 διελθεῖν
955 2648 1017 2714 τοῦ
1034 2649 1123 2716 θεοῖ

106 2748 320 2838 χαριστήριον
353 2751 390 2817 ἐν
421 2748 528 2840 τούτω
565 2747 670 2816 τόπον
701 2744 939 2838 ὑπελάμβανον
970 2754 1016 2843 τῷ
1043 2755 1121 2844 περὶ
1135 2784 1160 2824 τε

192 2905 207 2951 2
234 2898 380 2966 συμφέρον
403 2894 549 2965 Ρωμαίων
573 2900 697 2967 MbEF]
720 2897 866 2968 Ρωμαίων
887 2898 1056 2986 συμφέρον
1106 2909 1122 2959 6

107 2963 271 3022 ἐπελθόντα
289 2966 408 3034 MbEF]
428 2960 598 3088 ἐπελθόντιέ
669 2971 753 3019 fieti
777 2970 848 3048 πρὸς
866 2967 897 3023 σέ
912 2969 980 3090 Mb]
999 2965 1072 3049 πρός
1090 2989 1123 3027 σε

109 3042 140 3090 10
159 3032 254 3103 λύγοις
273 3031 424 3115 ἐπιστήσαι
442 3029 598 3118 ΜοΕΡ]ἐ
600 3035 736 3103 πιστῆσαι
755 3030 926 3105 λόγοιςλέ
927 3032 1041 3105 ντνχῦν
1058 3047 1122 3103 τοῖς

107 3123 159 3159 om.
177 3105 243 3155 libri
314 3108 343 3154 12
362 3098 394 3154 τὸ
412 3101 517 3163 σθένος
536 3104 634 3167 libris
626 3120 655 3154 m
674 3107 725 3156 Mb
744 3111 835 3156 autem
855 3112 938 3158 antea
957 3112 1000 3158 est
1018 3107 1123 3162 lacuna

108 3174 298 3238 duodeviginti
317 3173 376 3222 fere
394 3171 538 3222 literarum
608 3175 696 3238 13μη
699 3169 750 3225 aiv
766 3170 806 3240 Η]
825 3170 925 3241 μηθὲν
986 3177 1018 3225 14
1035 3193 1121 3245 κοινη

106 3239 363 3320 221v1dad500
435 3232 522 3305 17δὴ
541 3256 591 3291 om.
609 3241 674 3290 libri
743 3244 775 3293 19
793 3258 822 3292 τι
840 3258 891 3293 om
908 3243 1018 3294 MbEF
1088 3248 1123 3298 λθ

106 3308 144 3390 τῷ
164 3308 237 3389 λόγῳ
256 3324 308 3359 om.
328 3307 393 3357 libri
461 3310 494 3358 23
513 3303 604 3359 αὐτοῦ
624 3307 676 3359 del.
695 3309 769 3388 Pet„
795 3301 874 3380 αύτῷ
890 3310 1005 3365 MbEI'
1042 3311 1123 3365 Fort.

107 3369 196 3431 α’ύτόν
215 3361 396 3429 scribendum.
422 3376 457 3430 cf
478 3376 561 3427 250ss
648 3378 681 3426 25
704 3371 793 3429 τόπον
810 3366 860 3443 H]
866 3369 899 3429 τὸ
917 3370 996 3430 πάνυ
1027 3376 1034 3446 l
1066 3378 1118 3450 τῷ]

107 3441 138 3498 τὸ
157 3445 273 3498 MbEF
309 3445 385 3498 Fort.
403 3442 454 3495 τοῦ
