2392 3960
106 151 169 217 278
248 117 250 123 ’
408 152 551 205 mmm
573 152 821 205 ιιιειιειιυοιιιε
912 124 916 129 ’

68 285 233 371 Οπράτοι
270 279 331 370 τὴν
368 277 535 374 εύτέλειαν
571 277 700 367 ἤσκουν
737 277 794 349 διὰ
829 279 981 367 πάντων,
1018 284 1050 350 οί

106 387 265 476 τραγικὸν
293 388 348 456 καὶ
376 384 524 476 σοβαρὸν
552 389 674 455 ἐκτῶν
701 384 887 476 ἀλλοτρίων
915 389 1067 477 ἐξαιροῦν

108 502 193 582 βίων
225 492 337 588 ᾤκουν
375 490 472 562 αύτοὶ
508 496 634 581 πρῶτοι
670 491 729 575 τὰς
765 490 890 584 άγοράς
921 489 942 583 ἢ
978 493 1018 563 τὰ
1052 521 1067 562 τ

107 603 200 670 θεῶν
232 603 364 689 τεμένη,
396 603 436 689 τῇ
469 603 580 690 τρυφῇ
613 599 651 668 δέ
682 601 738 670 καὶ
765 598 830 689 πρὸ
862 603 931 669 τῶν
965 601 1067 691 βημάτ

109 705 165 776 διά
201 711 269 777 τῶν
306 714 415 798 ε”ργων
452 708 651 795 ἐπολέμουν,
693 712 804 797 ἔργοις
841 708 1043 795 ἐλέγχοντες,

107 814 196 906 λόγῳ
233 817 393 903 βοῶντες,
431 811 481 882 ὅτι
517 817 563 905 τῷ
600 814 661 882 Διὶ
698 813 956 902 συμβασιλεύειν
998 817 1067 896 ἐξεσ

2 946 4 950 ·
108 918 248 1003 ου’ἂενὸς
275 918 296 1009 ἢ
326 923 475 1010 σμικρῶν
493 919 583 989 πάνυ
612 919 773 1008 δεόμενον
797 917 879 990 οὐδὲ
897 930 1067 1012 παρενοχλι

107 1055 210 1115 μενον
238 1023 304 1096 ὑπὸ
332 1031 395 1096 τού
423 1024 588 1114 σωματος,
618 1029 780 1115 ἐπετίμων
807 1026 845 1096 δὲ
876 1041 946 1110 τοῖς
979 1024 1067 1118 ἆμαρ

107 1138 239 1220 νόυσιν,
267 1128 367 1220 ἡνίκα
395 1139 476 1216 ἔζων
500 1137 536 1202 οί
559 1138 767 1220 πταίσαντες,
795 1130 858 1202 ούκ
886 1131 1067 1205 άποθανόν

64 1240 360 1328 Βέβλασφημουν,
387 1236 486 1327 ἡνίκα
513 1241 568 1308 καὶ
591 1242 660 1309 των
688 1242 821 1330 ἐχθρῶν
849 1245 886 1309 οί
910 1242 1067 1332 μετριάτει

109 1348 309 1415 σπένδονται
335 1361 406 1428 τοῖς
434 1343 651 1416 άπελθούσιν.
687 1351 753 1434 ἔχει
780 1345 818 1415 δέ
845 1344 865 1416 ὅ
892 1375 929 1438 γε
958 1345 1067 1438 άληθιι

106 1444 201 1521 κύων
233 1451 358 1543 ἐχθρὸν
391 1449 530 1540 οὐδένα,
562 1449 626 1522 κάν
657 1450 695 1522 τὸ
729 1453 899 1540 σωμάτιον
932 1452 1038 1524 αύτού

106 1558 249 1647 πατάξῃ,
282 1555 347 1628 κάν
374 1556 525 1648 τούνομα
552 1562 721 1648 περιέλκη,
749 1547 818 1628 κάν
845 1564 1067 1652 λοιδορηταιι

107 1669 303 1756 βλασφημῇ,
337 1666 423 1735 διότι
455 1663 492 1735 τὸ
530 1665 591 1754 μὲν
621 1669 680 1754 τῆς
717 1671 841 1756 ἔχθρας
876 1673 1005 1754 γίνεται
1040 1693 1067 1747 πι

108 1768 301 1859 ἀντίπαλον,
329 1771 366 1841 τὸ
395 1772 433 1841 δέ
459 1768 667 1862 ύπερβαϊνον
694 1770 756 1861 τὴν
773 1773 857 1863 πρὸς
885 1776 1000 1864 ἕτερον
1028 1773 1067 1863 άμ

54 1887 175 1953 αιιλαν
211 1876 329 1971 εύνοίηι
369 1882 530 1968 τιμᾶσθαι
571 1888 673 1967 φιλεῑ·
714 1876 779 1948 κάν
820 1906 869 1963 τις
906 1883 1025 1971 ἑτέρως
1064 1928 1067 1948 .

106 1984 191 2075 πρὸς
219 1983 333 2073 αύτόν,
362 1986 514 2075 καθάπερ
543 1984 636 2074 οἶμαι
654 1987 773 2056 πολλοὶ
799 1985 883 2077 πρὸς
901 1986 982 2069 τούς
1008 1999 1067 2058 θεο

108 2095 222 2184 ἐκείνω
254 2092 316 2181 μἐν
348 2090 411 2162 ούκ
443 2099 533 2161 ἔστιν
566 2093 702 2182 ἐχθρός,
739 2089 820 2162 οὐδὲ
853 2092 916 2184 γάρ
950 2101 1067 2184 βλαβερ

107 2196 208 2280 αὐτὸς
236 2198 274 2268 δέ
306 2196 396 2292 αύτῷ
429 2199 619 2289 βαρύτατον
652 2200 780 2281 ἐπιθεὶς
810 2205 935 2289 τίμημα
966 2200 1029 2289 τὴν
1061 2231 1067 2269 ι

106 2312 294 2395 κρείττονος
321 2305 464 2393 άγνοιαν
491 2311 612 2395 ἔρημος
639 2311 783 2374 λείπεται
806 2309 864 2394 τῆς
883 2309 1013 2377 ἐκείνου
1041 2333 1066 2377 π

107 2419 253 2493 στασίας.

185 2515 269 2587 Ἀλλ’
300 2525 331 2587 εί
356 2518 418 2606 μὲν
449 2522 515 2587 νύν
542 2546 598 2606 μοι
630 2518 808 2608 προύκειτο
841 2521 919 2610 περὶ,
942 2527 1067 2610 Κυνισρ

108 2624 261 2712 γράφειν,
289 2623 384 2694 εἷπον
412 2621 455 2693 άν
483 2622 566 2716 ὑπὲρ
594 2624 723 2693 τούτων
750 2631 798 2694 ἐτι
826 2623 866 2694 τά
894 2627 1067 2716 παριστάμΙ

66 2750 166 2818 Βμοι
197 2733 266 2800 τῶν
293 2733 477 2821 εἰρημένων
505 2743 584 2813 ἴσως
616 2727 678 2801 ούκ
711 2731 845 2801 ἐλάττω·
877 2734 943 2800 νύν
976 2733 1014 2802 δέ
1041 2730 1067 2803 άε

108 2837 259 2919 διδόντες
291 2837 327 2906 τὸ
362 2838 497 2925 συνεχὲς
528 2841 568 2928 τῇ
599 2839 790 2927 προαιρέσει
821 2840 896 2928 περὶ
928 2841 990 2907 τού
1022 2865 1066 2910 πο

106 2941 190 3024 ποὺς
218 2943 304 3013 εἶναι
322 2943 384 3036 χρὴ
403 2943 482 3027 τοὺς
500 2945 746 3033 πλαττομένους
764 2947 832 3014 τῶν
859 2944 984 3033 μύθων
1003 2948 1064 3034 ἐφε

175 3190 318 3260 δέξεστιν
336 3195 371 3264 V]
392 3193 482 3262 ἔξεστι
552 3193 743 3257 9παίσαντες
762 3201 817 3262 pet.
889 3199 921 3248 10
938 3190 1067 3264 μετριύτ.

40 3301 42 3304 .
106 3263 145 3329 H]
164 3260 351 3332 μετριώτατοι
438 3269 468 3315 11
492 3257 675 3317 ἀπελθοῦσιν
692 3262 726 3330 V]
746 3257 908 3316 άπελθούσι
998 3267 1067 3318 171

106 3348 158 3382 om.
177 3340 234 3399 pet.
306 3336 338 3384 19
360 3333 456 3383 Malim
476 3326 619 3392 ἐπιτιθεὶς
689 3335 722 3383 20
746 3331 875 3384 λείπεται
894 3348 946 3382 οω.
964 3338 1020 3399 pet.

106 3465 140 3536 τῇ
159 3466 324 3535 προαιρέσει
341 3465 373 3520 τὰ
393 3417 509 3532 σύνεχὲς
527 3469 552 3519 V
573 3439 586 3532 ΙΙ
600 3459 749 3528 ποταποὺς
768 3466 845 3534 Cob.]
865 3463 1019 3529 ποδαπούς

106 3537 162 3587 τῶν
180 3529 285 3602 μύθων
303 3540 331 3589 Η
348 3541 375 3587 ελ
393 3533 472 3600 Cob.]
493 3531 543 3587 τὸν
562 3535 661 3602 μῦθον
