2392 3960
109 137 171 201 408
408 138 552 190 IULIANI
572 136 823 190 IMPERATORIS

109 279 176 347 ψον
212 266 267 334 καί
305 262 574 334 ἀκαλλώπιστον·
610 262 633 353 ἥ
668 291 703 334 τε
738 262 802 353 γὰρ
843 260 955 353 ἀπήνη
998 271 1121 353 βαθείοι

108 371 319 440 παντάπασιν
350 362 394 459 ἦν
429 367 520 463 αὐτῷ
552 372 608 440 καί
643 369 684 440 τδι
718 371 829 458 ίμάτια
861 368 934 439 λιτά
966 372 1024 440 καί
1056 371 1121 442 σώ-

109 504 237 566 φρονα,
269 479 338 574 καὶ,
356 473 422 546 ὑπὸ
450 480 508 565 τῆς
540 480 669 558 ἐνδείας
696 480 763 546 τών
794 480 932 566 τροφῶν
958 468 1003 565 ἦν
1031 475 1123 570 αὐτῷ

64 600 89 652 Ι)
108 582 146 651 τὸ
189 587 283 672 σώμα
324 585 565 672 διαυγέστατον
605 584 660 652 καί
703 584 969 671 διαφανέστατον
1011 581 1122 675 ὥσπερ

109 687 191 758 αὐτὸ
221 688 313 777 οἶμαι
331 689 368 759 τὸ
388 688 631 779 καθαρώτατον
653 692 709 759 καί
737 691 1016 779 εἰλικρινέστατον
1035 694 1146 778 φώς·ι

43 868 50 879 ,
109 798 178 864 ἐπεὶ
210 797 266 865 καί
299 788 398 878 οὗτος
427 788 472 886 ἦν
508 805 586 865 εἰσω
622 798 691 864 τών
728 799 828 886 ίερών
865 796 1071 885 περιβόλων,
1103 793 1122 867 ὁ

108 902 279 984 Διόνυσος
310 901 416 990 εἶπεν,
443 894 485 970 Ὦ
517 905 656 990 βασιλεῦ
681 902 793 992 Κρόνε
825 903 881 972 καὶ
908 905 976 972 Ζεῦ
1008 903 1123 991 πάτερ,

108 1000 173 1098 ἀρα
210 1007 305 1090 ἀξιον
341 1012 378 1078 έν
413 1020 508 1089 θεοίς
545 1006 655 1089 ἀτελές
692 1007 783 1077 εἶναί
810 1035 861 1092 τις
897 1012 967 1077 τών
1003 1009 1042 1079 δὲ
1080 1007 1123 1080 οὐ

108 1117 278 1202 φαμένων,
306 1114 507 1203 Εἰσάγωμεν
534 1106 598 1184 οὖν
624 1142 701 1184 τινα
727 1117 783 1185 καὶ
802 1111 1019 1198 ἀπολαύσεως
1044 1118 1122 1207 έρα-

108 1218 190 1308 στὴν
222 1225 352 1292 ἐνθαδί.
401 1224 457 1291 καί
490 1217 508 1290 δ
541 1221 641 1308 Ζεός,
670 1218 756 1291 Ἀλλ’
791 1219 833 1291 οὐ
868 1219 1010 1308 θεμιτὸν
1041 1232 1121 1292 εἰσω
1135 1248 1158 1289 ιο

108 1330 241 1415 φοιτᾶν,
269 1325 371 1414 εἶπεν,
399 1325 498 1417 ἀνδρὶ
517 1326 562 1417 μὴ
580 1325 621 1396 τδι
639 1323 780 1416 ἡμέτερα
808 1331 969 1416 ζηλοῦντι.
1003 1331 1121 1415 Ιίγνέ-

108 1443 182 1503 σθω
209 1441 339 1520 τοίνυν,
367 1431 469 1520 εἶπεν,
497 1436 549 1503 ἐπὶ
576 1437 645 1502 τών
671 1434 867 1524 προθόρων,
895 1430 914 1503 ὁ
938 1435 1122 1523 Διόνυσος,

54 1536 227 1620 318αότοῖς
245 1536 265 1629 ἡ
285 1546 401 1629 κρίσις.
438 1536 519 1626 ἀλλ’,
547 1546 579 1610 εἰ
594 1543 692 1609 τοῦτο
713 1545 807 1610 δοκεῖ
826 1539 941 1629 ταύτῃ,
968 1545 1122 1630 καλῶμεν

107 1644 216 1735 ἀνδρα
244 1644 306 1716 οὐκ
337 1643 504 1734 ἀπόλεμον
531 1649 609 1734 μέν,
641 1642 749 1736 ἡδονῇ
780 1646 818 1716 δὲ
848 1648 905 1716 καί
937 1643 1122 1718 ἀπολαύσει

106 1755 391 1842 χειροηθίστερον.
441 1749 546 1841 ἡκέτω
579 1744 643 1823 οὖν
675 1751 752 1842 ἀχρι
782 1756 851 1823 τών
882 1753 1072 1843 προθόρων
1102 1751 1158 1825 διε

106 1866 371 1941 Κωνσταντῐνος.
407 1861 478 1930 έπεί
498 1858 535 1931 δὲ
563 1861 719 1929 ἐδέδοκτο
737 1861 794 1929 καὶ
819 1863 930 1946 τοῦτο,
957 1866 1035 1929 τίνα
1058 1860 1121 1952 χρὴ

105 1965 231 2054 τρόπον
258 1961 383 2048 αὖτοὺς
409 1961 623 2054 ἀμιλλάσθαι,
651 1965 766 2054 γνώμη
794 1967 975 2056 προυτέθη.
1016 1969 1075 2036 καί
1103 1963 1122 2037 ό

105 2071 167 2159 μέν
189 2068 311 2161 Ἑρμῆς
338 2070 433 2160 ἠξίου
461 2071 570 2160 λέγειν
598 2075 738 2142 ἕκαστον
765 2075 803 2142 έν
829 2075 921 2163 μέρει
948 2075 1024 2163 περὶ
1052 2077 1121 2144 τών

106 2179 238 2266 ἑαυτοῦ,
265 2186 425 2250 τίθεσθαι
452 2179 489 2248 δὲ
507 2178 587 2260 τοὺς
613 2176 717 2263 θεοὺς
739 2177 802 2267 τὴν
818 2183 945 2268 ψῆφον.
986 2176 1030 2249 οά
1052 2180 1122 2272 μὴν

67 2285 214 2353 Βέδόκει
246 2287 350 2354 ταῦτα
381 2288 427 2378 τῷ
456 2283 638 2355 Ἀπόλλωνι
673 2288 782 2368 καλῶς
817 2291 921 2374 ἔχειν·
959 2282 1122 2374 ἀληθείας
1135 2312 1161 2352 ω

105 2388 168 2481 γὰρ
206 2389 310 2478 εἰναι,
347 2392 404 2460 καί
442 2389 483 2461 οὐ
519 2392 759 2480 πιθανότητος·
782 2388 856 2460 οὐδ’
891 2395 1048 2480 αἱμυλίας
1085 2397 1123 2465 έν

76 2546 87 2553 .,
104 2508 198 2578 θεοῖς
230 2504 365 2585 ἔλεγχον
395 2500 452 2567 καί
485 2500 640 2581 ἐξέτασιν.
686 2498 892 2587 βουλόμενος
910 2497 957 2574 δέ
985 2494 1004 2568 ό
1032 2497 1122 2582 Ζεάς

105 2600 306 2694 ἀμφοτέροις
336 2611 531 2694 χαρίζεσθαι
562 2608 618 2676 καί
645 2602 713 2694 ἅμα
745 2606 908 2694 προάγειν
935 2606 989 2674 ἰπὶ
1016 2609 1123 2678 πλέον
1163 2591 1166 2601 ¹

105 2707 219 2791 αὐτοῖς
249 2709 312 2800 τὴν
345 2717 546 2799 συνουσίαν,
581 2708 708 2798 Οὐδέν,
740 2709 825 2798 εἰπε,
857 2711 979 2781 κωλόει
1010 2715 1123 2800 λέγειν

104 2816 165 2904 μέν
198 2815 312 2899 αὐτοῖς
344 2821 530 2908 ἐπιτρέψαι,
567 2846 667 2907 μικρα
698 2820 760 2886 τοῦ
792 2815 917 2899 ὕδατος
947 2820 1121 2910 ἐπιμετρή-
1134 2842 1162 2886 νε

187 3039 204 3085 4
222 3032 426 3103 διαυγέστερον
444 3039 548 3104 MAug.
634 3040 650 3088 6
668 3029 731 3089 ἐπεὶ
750 3033 813 3102 καὶ]
833 3029 897 3088 έπεί
916 3030 951 3088 δέ
970 3041 1037 3103 φοί,
1056 3030 1122 3092 ἐπεὶ

104 3097 137 3154 δὲ
157 3100 206 3153 καί
225 3103 292 3154 Rsk.
378 3108 395 3156 8
418 3100 454 3157 οό
471 3108 542 3171 Aug.
611 3107 628 3156 9
651 3099 811 3170 εἰσάγωμεν
827 3103 901 3170 VM]
920 3099 1122 3173 εἰσαγάγωμεν

105 3173 134 3219 11
159 3169 303 3235 γιγνέσθω
321 3170 432 3239 VAug.]
455 3170 581 3239 γινέσθω
668 3175 699 3224 12
723 3166 806 3224 εἶπεν
827 3165 876 3225 ἕνεί
898 3169 956 3226 τᾶν
972 3171 1064 3238 κροθ.
1082 3172 1122 3243 V]

103 3229 151 3289 ε’πλ
173 3235 229 3289 τόν
251 3239 339 3304 πρσθ.
359 3233 440 3292 εἶπεν
527 3244 558 3292 13
581 3231 682 3301 αὐτοῖς
704 3236 850 3307 VMAug.]
876 3229 956 3307 αότᾷ
988 3237 994 3306 Ι
1025 3232 1123 3311 τωόη

103 3305 165 3361 add.
184 3306 284 3372 VAug.
367 3311 398 3358 15
420 3297 507 3373 ἧκετο
528 3313 606 3374 φεμ·
667 3310 699 3358 16
721 3306 788 3360 τίνοι
806 3300 859 3374 χρὴ
878 3305 1027 3374 vMAugJ
1049 3307 1122 3363 τίκ

102 3369 158 3439 γὰρ
176 3369 243 3455 έγρη
296 3376 328 3426 21
348 3365 414 3427 οὐδ’
434 3370 494 3440 αἰμ.
506 3374 547 3442 Μ]
567 3366 638 3428 οὐδὲ
657 3371 719 3428 αἰ.
770 3377 804 3426 23
822 3367 962 3443 προάγειν
977 3374 1109 3429 Ml‘abd

102 3456 258 3507 προσαγειν
339 3444 372 3493 24
390 3434 480 3495 οὐδέν
498 3443 688 3510 Heusingerus
718 3437 813 3495 οόθδν
893 3444 926 3495 25
941 3436 1000 3507 μὲν
1015 3444 1075 3497 neri

101 3526 150 3575 pro
169 3509 283 3576 vulgato
302 3526 341 3562 τε.
370 3511 443 3563 idem
461 3511 505 3562 vel
530 3527 561 3578 γε
579 3512 695 3564 volebat
717 3513 802 3562 etiam
819 3510 952 3563 Reiskius
983 3513 988 3575 Ι
1021 3502 1121 3581 ἀπεμε-
