2392 3960
141 153 206 217 324
440 153 584 206 IULIANI
605 154 855 206 ιιιουιιινοοιο

142 279 204 369 τὴν
241 281 361 368 τύχην,
398 277 469 349 ἀλλ’
509 277 619 369 ἀνδρα
659 283 771 370 μέχρις
806 279 955 368 έσχάτων
995 283 1156 368 γενέσθαι

143 386 263 474 φόβων
289 389 345 455 καὶ
372 386 557 474 κινδύνων,
588 390 689 455 τούτο
717 393 828 474 ἔμοιγε
861 393 1016 474 φαίνεται
1043 394 1157 476 μεῖζον

142 488 163 580 ἢ
191 490 274 561 κατὰ
302 491 494 582 ἀνθρωπον.
541 490 582 561 ού
611 490 652 581 δὴ
672 498 804 561 δίκαιον
827 495 977 562 ἐπαινεῖν
1004 492 1068 583 μὲν
1096 491 1155 564 αύ-

141 598 234 686 τούς,
266 598 310 687 μὴ
343 609 516 686 μιμεῖσθαι
548 599 600 686 δέ,
634 595 714 668 οὐδὲ
745 604 905 687 νομίζειν,
938 595 983 681 ὥς
1014 603 1157 682 ἐκείνοις

142 704 204 792 μέν
236 701 253 772 ὁ
286 704 367 786 θεὸς
403 705 585 795 προθύμως
622 705 866 793 συνελάμβανε,
898 703 977 786 τοὺς
1015 706 1053 776 δὲ
1090 710 1178 775 νῦνι

100 811 335 900 Βπεριόψεται
371 814 429 899 τῆς
467 807 585 900 ἀρετῆς
622 808 712 900 ὁρῶν
748 807 1069 900 ἀντιποιουμένους,
1108 810 1181 895 δι’ι

142 914 245 1005 ἥνπερ
274 916 338 1007 ἀρα
366 915 533 998 κάκείνοις
560 923 702 1007 ἔχαιρεν·
732 914 774 986 ού
802 910 866 1007 γάρ
895 916 952 987 διά
969 916 1007 987 τὸ
1035 919 1156 1001 κάλλος

141 1026 202 1091 τοῦ
231 1023 392 1111 σώματος,
421 1025 493 1091 έπεί
518 1050 569 1092 τοι
588 1023 648 1092 τὸν
667 1024 773 1112 Νιρέα
800 1026 927 1111 μᾶλλον
947 1027 1047 1114 έχρῆν
1076 1021 1156 1113 ἀγα-

142 1133 282 1215 πᾶσθαι,
311 1127 391 1198 ούδὲ
420 1128 475 1197 διὰ
503 1128 565 1217 τὴν
594 1130 702 1218 ίσχύν,
730 1126 854 1221 ἀπείρῳ
883 1128 947 1218 γὰρ
976 1127 1045 1223 ὅσῳ
1074 1139 1156 1201 Λαι-

143 1235 323 1325 στρυγόνες
350 1236 406 1304 καὶ
424 1235 604 1317 Κύκλωπες
631 1229 718 1324 ἦσαν
742 1232 847 1304 αὐτοῦ
865 1243 1048 1325 κρείττους,
1077 1234 1188 1307 ούδδα

143 1338 198 1408 διά
225 1340 287 1410 τὸν
319 1343 480 1428 πλοῦτον,
514 1339 601 1411 οὕτω
635 1340 699 1431 γάρ
728 1338 770 1410 ἀν
803 1347 931 1430 ἔμεινεν
963 1339 1157 1434 ἀπόρθητος

145 1451 258 1535 Τροία.
302 1453 338 1515 τί
362 1446 399 1515 δὲ
423 1452 477 1517 δεῖ
497 1449 673 1537 πράγματα
701 1454 789 1535 ἔχειν
817 1445 921 1517 αὐτὸν
940 1450 1157 1537 ἐπιζητοῦντα

141 1551 204 1640 τὴν
232 1559 359 1640 αἰτίαν,
392 1551 438 1621 δι’
468 1550 511 1643 ἣν
536 1551 699 1624 Ὀδυσσέα
732 1555 837 1643 φησὶν
865 1551 883 1623 ὁ
912 1556 1052 1645 ποιητὴς
1079 1567 1155 1627 δεο-

104 1658 235 1746 Οφιλῆ,
264 1657 369 1727 αύτού
397 1686 433 1746 γε
460 1659 536 1741 ἐξὸν
563 1657 714 1742 ἀκούειν;

225 1778 345 1850 Οὕνεκ’
377 1781 496 1870 ἐπήτης
524 1786 596 1851 ἐσσὶ
622 1786 679 1853 καὶ
706 1781 863 1871 ἀγχίνοος
889 1777 952 1854 καί
973 1786 1136 1877 ἐχέφρων.
1165 1804 1186 1849 1¹

143 1910 248 1994 δῆλον
281 1897 344 1974 οὖν
376 1902 435 1992 ὡς,
469 1915 559 1995 είπερ
600 1902 681 1994 ἡμῖν
716 1908 820 1974 ταῦτα
851 1910 1091 1995 προσγένοιτο,
1121 1906 1157 1979 τὸ

142 2026 293 2101 κρεῖττον
321 2009 384 2081 ούκ
402 2014 543 2094 ἐλλείψει
561 2009 602 2080 τά
620 2008 700 2101 παρ’
731 2013 864 2099 ἑαυτοῦ,
891 2008 1052 2083 ἀλλὰκαὶ
1076 2011 1157 2085 κατὰ

142 2117 203 2188 τὸν
244 2119 390 2188 δοθέντα
430 2118 533 2187 πύλαι
573 2118 652 2188 ποτὲ
692 2122 971 2206 Λακεδαιμονίοις
1006 2118 1156 2209 χρησμὸν

143 2224 349 2312 καλούμενός
376 2251 411 2292 τε
439 2226 495 2293 καὶ
523 2221 664 2312 ἄκλητος
691 2220 709 2294 ὁ
736 2222 818 2305 θεὸς
845 2226 1015 2315 παρέσται.

100 2339 125 2394 D
227 2331 367 2411 Τούτοις
408 2329 554 2419 ἐμαυτὸν
594 2331 842 2419 ψυχαγωγήσας
882 2328 934 2400 ἐπ’
973 2333 1084 2403 έκεσνο
1119 2328 1154 2401 τδ

143 2439 243 2525 μέρος
271 2434 384 2523 ἀπειμι
411 2436 524 2524 πάλιν,
552 2433 570 2506 3
599 2442 695 2506 δοκεῖ
719 2441 759 2526 τῇ
786 2437 847 2525 μὲν
866 2433 1011 2528 ἀληθείη
1038 2436 1154 2531 μικρὸν

144 2541 246 2630 εἶναι,
278 2540 360 2632 πρὸς
391 2543 495 2623 δόξαν
528 2543 564 2612 δὲ
598 2541 687 2631 ὅμως
724 2540 787 2612 ούκ
819 2540 964 2630 ἀγεννές.
1010 2538 1154 2635 Ὁμήρου

143 2654 199 2717 τοί
228 2670 312 2736 φασι
344 2653 478 2717 δεῖσθαι
514 2651 570 2717 καὶ
602 2648 663 2719 τὸν
697 2646 930 2740 Ἀλέξανδρον,
967 2646 1010 2719 ού
1048 2648 1153 2740 δήπου

145 2754 319 2841 συνόντος,
347 2751 430 2823 ἀλλὰ
456 2756 679 2845 κηρύττοντος
707 2753 816 2844 ὥσπερ
842 2753 988 2844 Ἀχιλλέα
1011 2758 1071 2827 καὶ
1087 2756 1151 2827 Πά-

212 2981 228 3028 2
252 2974 350 3044 φόβαν
368 2976 405 3097 M}
426 2971 533 3044 φόνιον.
567 2978 663 3029 Malim
684 2972 781 3031 πόνων
799 2980 863 3034 coll.
880 2982 913 3032 36
925 2980 950 3030 D
970 2982 1056 3033 11313
1074 2982 1151 3033 ΜΗ

145 3047 231 3096 417Α
299 3037 389 3097 4ούδ
423 3043 463 3111 Μ]
483 3041 559 3112 μηδὲ
627 3045 712 3107 6τ”ς
731 3040 835 3114 ἀρετῆς
853 3046 892 3113 Μ]
911 3039 1017 3114 ἀρετῆς
1075 3038 1150 3117 ’λῆτ-

145 3128 199 3174 περ
216 3111 257 3232 M)
276 3103 314 3178 ἣν
333 3112 415 3194 εἴπερ
447 3113 451 3178 Ι
485 3109 599 3179 ἔχαιρεν
616 3111 658 3182 Μ]
679 3063 789 3194 έχαι...
811 3116 837 3166 V
854 3120 925 3195 μετ’,
944 3109 1043 3182 ἔχαιρε
1061 3114 1150 3195 appi.

146 3183 233 3245 8νηρ
252 3198 271 3231 α
288 3181 313 3229 V
339 3180 343 3245 Ι
370 3196 530 3245 αγατι.....
552 3182 585 3244 V,
603 3175 722 3246 ἀγαπαν
741 3187 796 3248 pet.
866 3183 1009 3253 9απείρμ
1047 3176 1085 3251 ἀρ
1101 3196 1150 3247 οη

146 3248 213 3298 Rsk.
241 3255 270 3299 et
298 3244 375 3315 Gau]
402 3241 513 3316 ἀπείρῳ
538 3241 593 3314 γὰρ
620 3241 658 3309 ὥς
689 3250 694 3313 λ
727 3245 757 3302 οἱ
781 3255 846 3300 ante
872 3252 1019 3316 Λαιστρυγ
1056 3266 1087 3313 ες
1113 3264 1160 3303 0¹¹·

145 3317 242 3381 punxit
259 3317 287 3364 H
374 3317 406 3365 12
427 3306 518 3368 αύτδν
539 3318 607 3367 mihi
628 3321 789 3383 suspectum
809 3322 864 3382 θείς
887 3318 943 3369 vid.
961 3324 1057 3371 tamon
1075 3314 1150 3373 lm

147 3386 179 3433 15
198 3383 296 3448 Οδγεε.
316 3399 347 3443 ν,
365 3385 415 3434 332
447 3380 452 3449 Ι
485 3375 582 3436 οὕνεκ’
601 3385 627 3435 V
645 3391 701 3451 pet.
773 3386 804 3435 16
827 3384 1010 3451 προσγένοιτο
1029 3386 1060 3439 Μ
1123 3382 1149 3437 fl

145 3453 217 3503 -19
239 3445 314 3502 κατὰ
337 3441 388 3502 τὸν
405 3478 439 3486 -
455 3448 607 3518 παρέσται]
632 3452 732 3504 Suidas
754 3469 781 3505 τ.
799 3443 924 3520 ἄκλητος
999 3455 1032 3506 18
1054 3470 1146 3523 χρη...

146 3525 202 3583 pet.
275 3522 307 3570 19
324 3517 498 3584 παρίσταται
515 3519 546 3569 Μ
