2392 3960
473 171 656 224 EP1ST0LA
673 175 716 226 ιο.
1040 171 1102 238 541

89 301 165 376 οἷον
192 307 303 394 φωτὸς
325 307 363 377 τὸ
383 305 580 394 Ἑλληνικὸν
603 308 831 397 ἐπαρδεῦοντα
860 309 906 397 μὴ
934 305 1104 392 ἀποκνεῖν,

88 423 123 481 εί
140 439 190 492 τις
213 409 233 501 ἢ
257 409 418 501 αίδοῦςῆ
444 415 541 493 δέους
564 416 660 483 ἕνεκα
682 419 743 485 τοῦ
765 414 850 503 πρὸς
872 415 911 484 σὲ
932 412 995 502 τὴν
1014 411 1104 483 ἄντι·

89 511 188 587 δοσιν
216 523 425 588 δυσωπεῖται.
472 517 552 589 οῦδὲ
580 519 645 610 γάρ
673 518 691 589 ὁ
713 517 908 609 Ἀσκληπιὸς
936 517 985 589 ἐπ’
1011 517 1103 608 άμοις

87 630 149 712 βῆς
182 628 289 693 ἐλπίδι
321 627 401 707 τοὺς
430 625 633 717 ἀνθρώπους
660 632 763 714 ίᾶται,
800 625 885 696 άλλδι
911 626 948 696 τὸ
979 632 1104 697 οίκεῖον

61 730 178 823 ταύτῷ
202 733 492 823 φιλανθρώπευμα
514 736 686 822 πανταχοῦ
707 741 838 822 πληροῖ.
879 731 898 802 δ
922 733 964 821 δὴ
988 735 1043 801 καλ
1066 733 1103 802 σδ

87 842 173 926 χρῆν
195 836 345 927 ῶσπερεὶ
359 843 496 964 ’ψυχῶν
526 841 712 928 ἐλλογίμων
740 838 857 931 ίατρὸν
885 838 967 908 ὅντα
993 853 1103 909 ποιεῖν

86 947 143 1012 καὶ
175 943 212 1013 τὸ
245 949 304 1033 τῆς
335 942 453 1034 άρετης
483 945 698 1036 παράγγελμα
727 946 784 1015 διά
810 946 947 1015 πάντων
974 946 1103 1032 σώζειν,

88 1047 165 1119 οἷον
188 1051 323 1138 ἀγαθὸν
345 1050 539 1139 τοξότην,”
519 1079 567 1137 ος,
590 1049 654 1121 κάν
675 1051 720 1142 μὴ
743 1051 804 1122 τὸν
827 1050 1011 1122 άντίπαλον
1034 1059 1142 1143 &mc

86 1157 220 1236 πάντως
252 1160 285 1237 ἐς
316 1156 353 1227 τὸ
382 1165 515 1246 καίριον
543 1151 654 1226 άελ
621 1185 700 1287 την
711 1172 804 1288 χεῖρα
831 1158 998 1248 γυμνάζει.
1035 1159 1103 1228 ἐπεὶ
1118 1137 1144 1178 ⁷⁵

40 1285 72 1327 ιο
86 1263 211 1351 μηδδ“
196 1291 214 1332 ο
239 1262 365 1343 σκοπὸς
386 1260 590 1379 ἑκατέροις*
576 1291 593 1332 ο
618 1261 734 1349 αὐτός,
760 1261 843 1352 ἡμῖν
865 1264 902 1333 δὲ
924 1269 993 1334 τῶν
1014 1264 1104 1353 παρὰ

87 1374 153 1438 σοῦ
176 1372 295 1452 δεξιῶν
316 1383 431 1456 τυχεῖν
452 1352 508 1438 άαλ
531 1371 586 1478 σοὶ
607 1382 678 1450 τοῖς
699 1367 777 1459 παρ’
799 1368 895 1500 ἡμῶγ
913 1372 1104 1460 διδομένοις

87 1477 246 1562 ἐντυχεῖν.
292 1473 364 1544 ἀλλ’
398 1473 507 1564 ἡμεῖς,
532 1471 608 1545 κάν
638 1475 793 1565 μυριάκις
818 1475 1015 1566 γράφωμεν,
1047 1487 1104 1546 ίσα

85 1595 159 1660 τοῖς
181 1579 368 1670 Ομηρικοῖς
398 1583 494 1649 παισὶ
526 1587 700 1670 παίζομεν,
736 1589 774 1652 οἳ
799 1581 890 1671 παρὰ
919 1580 977 1662 τάς
1003 1591 1104 1665 θῖνας

87 1686 120 1772 ὅ,
129 1714 161 1754 τι
193 1684 237 1755 άν
265 1691 300 1756 ἐκ
327 1691 436 1775 πηλοῦ
462 1688 635 1757 πλώουσιν
663 1685 804 1776 ἀφιᾶσιν
832 1692 998 1780 [αἰγιαλῶ]
1026 1689 1104 1757 κλῦ-

38 1817 73 1858 ιι
90 1800 221 1876 ζεσθαι·
251 1792 340 1881 παρά
363 1796 427 1862 σοῦ
450 1793 488 1861 δδ
510 1795 566 1862 καλ
588 1792 710 1883 μικρὸν
731 1792 867 1883 γράμμα
888 1794 1013 1875 παντός
1035 1800 1104 1864 ἔστι
1122 1807 1147 1860 D

86 1905 232 1987 γονίμου
264 1898 426 1987 ῥεύματος
456 1906 621 1989 κρεῖττον,
656 1900 712 1968 καὶ
744 1901 905 1988 δεξαίμην
930 1895 974 1968 άν
1001 1906 1105 1988 ἔγωγε

84 2006 277 2093 Ἰαμβλίχου
309 2010 439 2093 μᾶλλον
469 2006 646 2095 ἐπιστολὴν
672 2010 754 2094 μίαν
780 2000 802 2093 ἢ
829 2003 889 2076 τὸν
917 2006 953 2074 ἐκ
975 2011 1105 2087 Λυδίας

88 2111 217 2199 χρυσὸν
249 2114 440 2198 κεκτῆσθαι.
486 2117 518 2181 εἰ
543 2111 581 2182 δὲ
607 2112 698 2201 μέλει
724 2117 761 2182 τί
784 2131 838 2181 σοι
864 2116 932 2181 τῶν
955 2114 1104 2202 ἐραστῶν

87 2222 158 2287 τῶν
186 2222 270 2286 σῶν·
312 2220 402 2305 μέλει
430 2220 484 2304 δέ,
514 2222 547 2297 Ιεί
572 2217 616 2307 μὴ
640 2217 846 2307 σφάλλομαι·
887 2217 931 2306 μὴ
953 2224 1106 2309 περιίδῃς

43 2348 75 2388 20
91 2323 202 2410 ῶσπερ
233 2322 389 2404 νεοττοὺς
412 2321 502 2412 ίμᾶς
528 2322 580 2393 άεὶ
605 2328 674 2393 τῶν
700 2321 791 2410 παρά
817 2327 882 2392 σοῦ
907 2328 1044 2414 τροφῶν
1067 2326 1104 2394 ἐν

88 2436 184 2519 χρείᾳ
206 2429 449 2517 τυγχάνοντας,
472 2427 557 2499 ἄλλά
578 2422 634 2533 καί
656 2429 766 2519 γράφε
788 2433 935 2518 συνεχῶς
957 2431 1012 2498 καὶ
1035 2444 1113 2512 τοῖς

88 2534 179 2622 παρὰ
216 2539 344 2604 σαυτοῦ
376 2544 492 2616 καλοῖς
522 2537 652 2604 ἑστιῶν
666 2534 711 2624 μη
742 2533 903 2606 κατώκνει.
956 2533 1020 2605 κάν
1054 2540 1105 2606 ἐλ-

88 2648 253 2729 λίπωμεν,
281 2640 382 2722 αὐτὸς
409 2644 565 2732 ἐκατέρου
587 2640 649 2730 τὴν
671 2649 787 2731 χρείαν
810 2647 948 2733 οίκείον,
977 2645 1032 2712 καὶ
1055 2635 1158 2713 ῶνλεο

91 2752 194 2827 δίδως
216 2749 271 2816 καὶ
295 2740 343 2817 ῶν
367 2744 445 2817 ἄνθ’
470 2746 567 2838 ἡμῶν
589 2747 626 2818 τὸ
651 2757 727 2818 ῖσον
749 2747 949 2838 πρεσβεύεις.
990 2750 1105 2837 πρέπει

46 2877 75 2918 τε
92 2855 129 2923 δὲ
148 2852 273 2943 Ἑρμοῦ
293 2855 420 2941 ’λογίου
446 2853 618 2943 μαθητήν,
655 2859 686 2923 εί
712 2853 749 2923 δὲ
776 2853 891 2969 βοῦλχι
918 2857 1003 2946 (καὶ)
1030 2856 1105 2946 τρό-

149 3111 265 3198 2προς
284 3134 315 3172 σε
332 3138 350 3172 v
392 3111 522 3172 4ἔλπίσι
539 3120 582 3172 Pk
600 3110 739 3199 ὅαῦτῷ
756 3115 854 3198 Hreh]
874 3109 1105 3200 αῦτοῦΙφιλαν-

90 3181 255 3254 θρώπευμα
272 3185 433 3254 Horkelius]
452 3188 567 3270 φιλανθ
582 3178 705 3267 ώπευμα
720 3171 860 3253 ’καθάπερ
878 3181 1004 3255 μάθημα
1023 3187 1028 3256 Ι
1054 3186 1104 3241 κοιλ

92 3269 123 3307 σε
142 3274 172 3316 v,
192 3272 261 3307 corr
280 3256 365 3306 Hrch.
418 3248 508 3322 1οημ
510 3260 540 3309 ἵν
559 3206 637 3308 6513
611 3245 778 3390 Η]αη’μῖν
761 3271 792 3308 τε
844 3257 875 3306 11
894 3253 939 3308 σολ
957 3253 1053 3322 Hrch.]
1074 3271 1105 3309 σε

91 3326 125 3375 13
140 3295 320 3405 ὀμηρικοῖς]
340 3323 420 3376 Iliad.
438 3340 467 3388 ο,
486 3326 536 3376 362
606 3325 638 3374 14
707 3320 778 3389 καλῶ
800 3321 902 3374 delevit
918 3324 1003 3378 Hrch.
1073 3327 1105 3377 15

89 3387 172 3456 παρά
190 3407 241 3443 σου
258 3408 290 3456 v,
310 3408 378 3445 corr.
397 3361 502 3458 Hey’ler
553 3394 584 3444 16
603 3340 768 3457 δεξαίμην]
775 3380 916 3472 εῦξαίμην
933 3390 1019 3442 Hrch.
1043 3391 1104 3448 Sed

92 3461 145 3515 vid
163 3460 233 3514 Xen.
251 3458 336 3515 11.st
355 3461 390 3525 V,
408 3461 470 3525 1,14
486 3464 515 3510 οῖ
532 3458 624 3526 Symp.
641 3460 701 3522 4,12
770 3453 900 3525 λοπαρά
918 3471 970 3511 σου
987 3475 1016 3524 v,
1035 3474 1104 3511 corr.

89 3528 194 3593 Heyler
262 3531 294 3578 24
312 3522 411 3579 ἷσονν
474 3529 508 3579 25
524 3523 575 3579 καλ
593 3525 656 3578 αδδ.
673 3525 757 3578 Hroh.
