2392 3960
138 112 199 176 190
435 112 577 164 mmm
600 110 847 162 IMPERATORIS

100 237 200 308 Οάπὸ
229 242 297 306 τῶν
324 235 467 324 ἀφανύν
493 235 533 305 τά
561 235 691 325 φανερά
718 235 875 324 βουλήσει
897 243 976 327 θείᾳ
1003 239 1060 306 καὶ
1087 235 1146 328 ἀρ-

136 346 223 436 ρήτῳ
251 343 342 431 τάχει
368 345 424 412 καὶ
443 341 681 434 ἀνυπερβλήτῳ
710 342 851 430 δυνάμει
874 342 982 411 πάντα
1010 340 1147 433 ἀθρόως

136 455 173 519 έν
204 453 250 541 τῷ
276 453 348 518 νύν
381 446 611 536 ἀπογεννήσας
642 448 766 540 χρόνῳ,
799 445 1055 538 ἀπεκληρώσατο
1084 452 1146 538 μὲν

136 552 211 625 οἷον
239 558 443 645 οἰκειοτέραν
470 557 572 644 ἕδραν
598 553 635 623 τὸ
655 556 758 642 μέσον
787 552 947 643 ούρανοῦ,
975 559 1033 624 ἵνα
1060 581 1145 627 παν-

134 663 280 750 ταχόθεν
313 671 368 729 ίσα
402 663 541 749 διανέμῃ
577 657 710 747 τάγαθά
741 675 812 740 τοῖς
848 657 906 729 ὑπ’
945 658 1053 731 αύτού
1090 666 1172 732 καλε

136 766 201 836 σύν
229 765 319 860 αύτῷ
346 770 551 856 προελθοῦσι
578 777 681 852 θεοῖς,
708 767 908 856 ἐπιτροπεύῃ
932 768 969 836 δὲ
987 766 1046 849 τὰς
1065 767 1147 839 ἕπτά

135 877 191 945 καὶ
222 872 284 963 τήν
320 870 447 960 ὀγδόην
484 870 634 962 ούρανοῦ
674 879 918 961 κυκλοφορίαν,
954 873 1077 961 ἐνάτην
1113 902 1150 945 τε

137 980 228 1068 οἶμαι
256 984 480 1069 δημιουργίαν
497 976 559 1066 τήν
578 981 615 1046 ἐν
643 980 769 1065 γενέσει
785 980 842 1047 καὶ
870 982 987 1070 φθορᾷ
1016 996 1151 1070 συνεχεῖ

137 1092 315 1165 διαιωνίως
343 1082 640 1171 ἀνακυκλουμένην
666 1087 807 1170 γένεσιν.
853 1088 947 1153 οἵτε
974 1085 1037 1175 γάρ
1066 1087 1149 1156 πλά-

91 1200 231 1278 Βνητες
267 1188 412 1278 εύδηλον
449 1188 500 1259 ὅτι
536 1192 611 1278 περὶ
648 1187 753 1258 αύτὸν
789 1191 984 1280 χορεύοντες
1024 1195 1149 1282 μέτρον
1163 1217 1187 1257 ιο

136 1303 250 1384 ἔχουσι
277 1300 334 1384 τής
365 1297 527 1384 κινήσεως
553 1295 614 1384 τήν
645 1295 729 1385 πρὸς
754 1295 814 1365 τὸν
841 1295 927 1366 θεὸν
952 1297 1053 1367 τόνδε
1079 1325 1148 1368 τοι-

137 1402 218 1472 άνδε
245 1404 318 1492 περὶ
345 1400 385 1470 τά
414 1401 562 1490 σχήματα
590 1407 801 1490 συμφωνίαν,
830 1400 849 1472 ό
875 1429 910 1471 τε
938 1400 1015 1484 ὅλος
1043 1401 1148 1495 ούρα-

136 1510 195 1589 νὸς
231 1505 321 1600 αύτῷ
354 1506 437 1577 κατὰ
472 1508 580 1576 πάντα
618 1509 907 1598 συναρμοζόμενος
948 1511 1072 1579 εαυτοῦ
1107 1510 1149 1581 τά

136 1617 217 1703 μέρη
245 1617 338 1683 θεῶν
357 1617 447 1683 ἐστιν
474 1616 507 1694 ἐξ
531 1610 606 1682 Ηλί
605 1641 646 1682 ου
673 1614 807 1704 πλήρης.
844 1621 913 1684 ἔστι
940 1614 1004 1743 γάρ
1028 1611 1149 1699 δθεδς

136 1717 193 1788 ὅδε
225 1723 321 1789 πέντε
353 1719 414 1807 μὲν
444 1718 623 1789 κύκλων’
609 1718 721 1809 άρχων
753 1717 824 1789 κατ’
864 1718 1028 1811 ούρανόν,
1059 1738 1151 1813 τρεῖς
1162 1745 1187 1788 ιι

136 1825 174 1894 δέ
201 1829 236 1894 ἐκ
263 1826 393 1895 τούτων
421 1824 524 1895 ἐπιὼν
551 1828 588 1893 έν
615 1828 702 1915 τρισὶ
725 1841 813 1916 τρεῖς
840 1830 942 1919 γεννᾷ
968 1826 1027 1908 τὰς
1055 1828 1149 1919 χάρι-

135 1953 204 2013 τας·
234 1937 269 2001 οί
293 1932 481 2020 λειπόμενοι
500 1932 538 2000 δὲ
556 1930 699 2020 μεγάλης
727 1929 874 2022 ἀνάγκης
897 1934 961 2002 εἰσὶ
988 1933 1147 2022 πλάστιγ-

85 2052 204 2124 147γες.
246 2035 406 2119 ἀξύνετον
434 2048 513 2118 ἴσως
540 2040 624 2125 λέγω
652 2053 722 2119 τοῖς
741 2035 907 2126 Ἕλλησιν,
936 2035 1047 2129 ὥσπερ
1067 2043 1147 2110 δέον

135 2144 242 2230 μόνον
268 2143 309 2212 τά
337 2144 470 2232 συνήθη
498 2146 554 2212 καὶ
582 2142 733 2232 γνάριμα
755 2146 877 2232 λέγειν·
906 2143 948 2214 ού
971 2144 1039 2233 μήν
1067 2143 1149 2215 ούδὲ
1190 2233 1192 2241 Ι

135 2250 232 2318 τούτό
265 2253 369 2337 ἐστιν,
403 2246 447 2331 ὡς
480 2248 523 2319 ἀν
553 2277 604 2330 τις
636 2246 815 2338 ὑπολάβοι,
843 2253 1011 2332 παντελῶς
1039 2250 1182 2333 ξένον.ιο

136 2359 171 2423 ολ
200 2356 407 2445 Διόσκουροι
438 2363 525 2437 τίνες
556 2352 637 2443 ὑμῖν
669 2361 770 2443 είσιν,
804 2348 830 2425 τό
863 2357 1054 2453 σοῳίτατοι
1090 2360 1146 2427 καὶ

135 2459 367 2548 ἀβασανίστως
384 2461 425 2530 τά
444 2462 548 2531 πολλά
566 2463 842 2551 παραδεχόμενοι;
872 2460 934 2551 ούχ
958 2463 1147 2555 ἑτερήμεροι

135 2568 298 2654 λέγονται,
327 2568 412 2637 διότι
439 2567 482 2656 μή
510 2570 607 2655 θέμις
626 2565 771 2659 ὁρᾶσθαι
797 2572 856 2657 τής
879 2566 982 2658 αύτής
1008 2565 1147 2661 ήμέραςς

135 2669 229 2760 ὑμεῖς
260 2670 349 2755 ὅπως
380 2671 516 2744 ἀκούετε
548 2672 693 2762 εύδηλον
726 2672 776 2743 ότι
806 2678 865 2764 τής
897 2674 977 2763 χθὲς
1008 2678 1067 2745 καί
1092 2676 1146 2765 τή-

135 2806 245 2867 μερον.
291 2778 360 2848 εἶτα
392 2788 428 2848 τί
451 2796 526 2849 νοεί
549 2783 664 2866 τούτο,
696 2779 779 2870 πρὸς
806 2778 919 2850 αὐτῶν
945 2784 1014 2850 τῶν
1041 2791 1192 2853 Aaou-¹⁶¹

134 2885 281 2973 κούρων;
319 2887 561 2977 έφαρμόσωμεν
603 2883 684 2955 αύτὸ
726 2886 826 2974 φύσει
867 2889 933 2956 τινὶ
969 2889 1025 2956 καὶ
1063 2889 1146 2979 πρά-

31 3008 34 3013 ·
99 2996 245 3079 Βγματι,
272 2991 392 3062 καινὸν
411 2998 467 3061 ἵνα
485 2993 590 3081 μηδὲν
613 2993 696 3080 μηδὲ
715 2990 860 3081 ἀνόητον
879 2995 1035 3082 λέγωμεν.
1072 2991 1144 3065 ἀλλ’

202 3146 217 3192 5
235 3137 285 3193 ἶσα
302 3142 327 3192 V
346 3143 350 3205 Ι
370 3136 489 3223 τάγαθά
505 3141 585 3222 libri]
606 3136 641 3193 τά
660 3135 762 3227 ἀγαθά
832 3147 846 3194 7
866 3135 996 3263 έννάτην
1008 3146 1060 3196 Mb
1129 3150 1148 3199 8

134 3206 248 3287 συνέχει
270 3210 295 3260 V
382 3214 413 3261 13
440 3203 518 3290 αύτφ
543 3208 613 3329 Pei}
636 3205 727 3263 αύτού
815 3214 846 3261 14
872 3204 1012 3278 ίστιν]ές
1034 3207 1067 3264 τδ
1090 3212 1145 3291 Vl

133 3275 239 3343 πλῆρες
256 3279 281 3329 V
350 3281 381 3329 17
405 3270 533 3344 ἀνάγκης
556 3274 600 3330 εἰσ
629 3277 665 3344 V]
690 3274 805 3330 εἰσὶν
788 3273 915 3364 ἀνάγκης
986 3282 1017 3332 18
1040 3270 1148 3363 ἀξύνε-

134 3360 184 3394 τον
202 3342 235 3409 V]
263 3336 404 3399 ἀσύνετον
489 3349 520 3396 21
548 3337 618 3411 ύμιν
640 3363 725 3413 marg.
751 3351 817 3412 pei]
842 3351 915 3425 ημῖν
1000 3350 1034 3399 24
1060 3354 1148 3429 νμεῑς
1188 3358 1192 3381 “

133 3405 320 3479 Heylerus]
304 3417 389 3491 ημεις
457 3417 490 3466 25
513 3413 543 3465 τί
559 3412 640 3497 libri]
654 3412 705 3465 καὶ
773 3418 805 3466 27
827 3407 931 3466 καινδν
949 3412 1011 3480 Mb]
1034 3408 1146 3470 κοινόν.

132 3479 227 3529 Malim
244 3476 331 3532 κενὸν
350 3483 515 3533 οο11.116Α
541 3482 546 3545 Ι
570 3478 663 3548 μηδεν
680 3479 718 3549 Η]
737 3477 835 3548 μηθὲν
