2392 3960
10 40 123 93 ΡἙῙῊΨ
134 40 155 63 “.“-
172 62 175 67 ,
225 58 228 63 .

465 183 602 235 ORATIO
620 183 671 238 ΙΙΙ.
1014 183 1073 247 13Ἰ

59 321 169 396 ζοντες
196 313 289 392 τέλος
316 311 514 398 ἐποιήσαντο
543 309 605 399 τήν
637 307 795 379 ἀποικίαν
821 313 880 398 τῆς
906 308 990 400 πρὸς
1017 308 1074 380 ἀλ·
1161 370 1167 379 .

58 418 183 507 λήλους
201 422 311 507 ἔριδος
339 420 395 486 καὶ
413 424 615 506 φιλοτιμίας·
644 415 713 486 εἶτα
733 416 862 497 ἑλόντες
880 415 942 506 τήν
960 425 1073 486 Μακε-

59 531 181 595 δονίαν
217 526 273 592 καὶ
306 525 403 610 γένος
440 522 557 612 ὄλβιον
594 521 828 605 ἀπολείποντες
859 530 1007 611 βασιλεῖς
1039 527 1075 593 ἐκ

59 631 226 720 βασιλέων
253 632 425 699 διετέλουν
451 630 604 719 καθάπερ
631 632 756 719 κλῆρον
784 626 847 718 τήν
873 628 973 719 τιμήν
1001 636 1074 699 δια-

34 737 244 826 ιδεχόμενοι.
293 736 419 817 πάντας
455 736 517 826 μὲν
549 729 613 805 οὖν
652 733 775 817 αὐτοὺς
812 739 960 805 ἐπαινεῖν
998 735 1075 806 οὔτε

60 841 186 931 ἀληθὲς
213 841 291 912 οὔτε
318 841 411 930 οἶμαι
440 843 568 935 ῥηίδιον.
615 845 747 911 πολλῶν
774 842 812 912 δὲ
845 839 988 928 ἀγαθῶν
1016 840 1074 911 ἀν-

60 953 153 1040 δρῶν
184 951 375 1038 γενομένων
407 951 462 1018 καὶ
495 948 746 1018 καταλιπόντων
773 944 968 1037 Ἑλληνικοῦ
999 949 1074 1039 τρό-

59 1082 127 1125 που
154 1070 298 1144 μνημεῖα
325 1054 493 1142 πάγκαλα,
526 1061 690 1136 Φίλιππος
715 1056 770 1124 καὶ
800 1051 818 1124 ό
845 1055 969 1125 τούτου
996 1072 1074 1136 παῖς

61 1160 161 1252 ἀρετή
195 1162 416 1250 διηνεγκάτην
442 1163 592 1248 πάντων,
621 1159 695 1231 ὅσοι
722 1162 824 1230 πάλαι
851 1167 1068 1244 Μακεδονίας
1076 1181 1126 1232 107

24 1296 48 1336 ω
60 1269 117 1338 καὶ
147 1268 280 1359 Θρᾴκης
306 1261 420 1358 ἦρξαν,
449 1267 541 1357 οἶμαι
569 1268 606 1337 δε
634 1274 737 1356 ἔγωγε
764 1270 820 1337 καὶ
848 1266 922 1338 ὅσοι
949 1272 1075 1339 Λυδῶν

60 1371 80 1464 ή
113 1374 246 1463 Μήδων
277 1376 332 1444 καὶ
360 1378 503 1465 Περσῶν
532 1376 590 1443 καὶ
620 1371 820 1464 Ἀσσυρίων,
852 1373 940 1463 πλήν
966 1375 1075 1464 μόνον

60 1484 123 1550 τοῦ
141 1480 328 1569 Καμβίσου
355 1481 485 1568 παιδός,
514 1478 552 1562 δς
579 1484 615 1550 ἐκ
642 1484 710 1550 τῶν
730 1481 862 1569 Μήδων
890 1484 923 1563 ἐς
942 1484 1075 1570 Πέρσας

61 1586 122 1676 τήν
156 1595 330 1679 βασιλείαν
357 1590 563 1677 μετέστησεν.
613 1584 713 1677 όμδν
740 1585 803 1678 γὰρ
831 1591 961 1678 πρῶτος
989 1591 1074 1657 ἐπει-

62 1695 152 1784 ράθη
189 1692 251 1783 τήν
288 1694 500 1764 Μακεδόνων
541 1690 683 1782 αὐξῆσαι
724 1694 885 1783 δύναμιν,
922 1696 977 1763 καλ
1018 1697 1076 1782 τής

26 1821 50 1863 1⁵
62 1797 229 1890 Εάρῶπης
260 1797 301 1869 τά
332 1810 468 1870 πλεῖστα
499 1800 809 1891 καταστρεψόμενος
845 1798 927 1891 όρον
964 1800 1075 1889 ἐποιή-

61 1927 143 1975 σατο
171 1906 254 1994 πρὸς
282 1909 325 1975 ἕω
353 1907 414 1996 μὲν
441 1906 599 1995 καὶπρὸς
626 1914 835 1997 μεσημβρίαν
862 1905 924 1995 τήν
950 1907 1075 1977 θάλατ-

60 2040 140 2098 ταν,
177 2009 234 2081 ἀπ’
274 2011 406 2103 ἀρκτων
442 2013 479 2082 δὲ
517 2012 608 2101 οἶμαι
644 2010 705 2082 τὸν
733 2011 865 2103 Ἴστρον
901 2015 957 2082 καὶ
993 2013 1077 2103 πρὸς

61 2121 206 2209 ἑσπέραν
237 2118 275 2188 τὸ
305 2117 442 2209 Ὠρικὸν
478 2125 588 2201 ἔθνος.
639 2115 657 2188 ὁ
689 2119 811 2188 τούτου
848 2119 885 2189 δὲ
923 2111 966 2188 αὖ
998 2135 1112 2201 παῖςΒ

61 2222 128 2295 ὑπὸ
156 2228 203 2317 τῷ
231 2233 430 2316 Σταγειρίτη
463 2229 558 2317 σοφῶ
590 2227 794 2316 τρεφόμενος
825 2229 988 2295 τοσοῦτον
1020 2254 1076 2315 με·

22 2352 48 2394 υ
61 2338 253 2423 γαλοψυχίᾳ
280 2335 348 2401 τῶν
375 2331 486 2401 ἀλλων
505 2328 663 2401 ἁπάντων
686 2332 840 2421 διήνεγκε
868 2333 924 2401 καὶ
941 2335 1077 2421 προσέτι

60 2436 123 2508 τὸν
150 2433 257 2507 αὑτοῦ
284 2441 409 2529 πατέρα
437 2442 476 2529 τῇ
495 2445 675 2530 στρατηγία
703 2441 758 2508 καὶ
777 2442 816 2528 τῇ
834 2439 1077 2528 θαρραλεότητι

60 2546 118 2614 καὶ
146 2559 220 2626 ταῖς
246 2541 361 2626 ἀλλαις
392 2542 523 2636 ἀρεταις
555 2541 859 2718 υπερβαλλόμενος,
892 2542 955 2615 οὐκ
982 2543 1077 2627 ἀξιον

61 2647 155 2743 αυτῶ
185 2654 243 2739 ζήν
274 2647 588 2740 δπελάμβανεν,εί
617 2649 662 2740 μή
697 2651 897 2741 ξυμπάντων
930 2648 1037 2740 μδν’
1018 2680 1076 2720 αν-

61 2757 225 2848 θρώπων,
252 2757 388 2827 πάντων
416 2759 453 2829 δὲ
472 2760 586 2827 ἐθνῶν
613 2758 816 2848 κρατήσειεν
861 2756 988 2828 ουκοῦν
1015 2756 1077 2846 τήν

21 2884 48 2927 ω
61 2864 126 2953 μὲν
155 2860 270 2932 Ἀσίαν
302 2867 425 2952 ἐπῆλθε
454 2863 634 2953 σύμπασαν
665 2865 988 2954 καταστρεφόμενος,
1020 2865 1113 2934 καὶῦ

62 2968 246 3060 ἀνίσχοντα
277 2974 407 3061 πρῶτος
439 2968 632 3061 ἀνθρώπων
658 2969 719 3041 τὸν
746 2969 843 3060 ἥλιον
869 2971 1078 3061 προσεκύνει,

63 3073 263 3168 ῶρμημένον
295 3077 332 3147 δὲ
365 3074 470 3147 αὐτὸν
508 3078 561 3146 ἐπὶ
597 3075 659 3166 τήν
690 3074 875 3168 Εόρῶπην,
912 3075 1002 3159 ὅπως
1038 3076 1078 3146 τὰ

133 3355 149 3404 2
168 3344 295 3420 ἑλόντες]
316 3349 430 3420 ἔχοντες
449 3354 516 3406 Rsk.
585 3357 601 3406 3
620 3346 823 3415 ἀπολείποντες
829 3353 870 3440 V]
889 3347 1079 3414 ἀπολιπόντες

65 3424 98 3473 13
125 3415 298 3500 μετέστησεν
321 3417 357 3488 V]
383 3418 556 3501 κμτέστησεν
643 3424 674 3473 16
693 3421 872 3502 μεσημβρίαν
909 3414 976 3474 ἔστί
964 3419 1033 3488 ἐραν
1054 3424 1079 3473 V

67 3492 98 3540 19
116 3487 255 3540 τοσοῦτον
267 3486 301 3555 V]
319 3484 445 3573 τοσοιίτῳ
463 3487 593 3557 (τοσοῦτο
605 3488 644 3555 Μ)
691 3493 722 3541 21
742 3481 833 3541 αὐτοῦ
847 3493 871 3541 V
956 3492 988 3540 22
1006 3489 1079 3541 Ante

65 3549 120 3607 ουκ
138 3547 223 3620 ἀξιον
240 3557 350 3608 videtur
368 3542 444 3610 ὅσθ’
463 3557 598 3608 excidisse
667 3559 701 3608 23
723 3549 801 3609 αὐτῶ
820 3557 876 3607 VM
