2392 3960
56 75 118 140 606
226 77 371 128 IULIANI
389 73 638 128 IMPERATORIS
656 73 902 131 emeremus.

57 216 190 281 dorum
213 217 370 283 scribit:
408 216 457 281 Tu
480 215 624 300 quidem,
656 214 852 300 onotine,
883 215 1064 285 verisimilis

57 323 190 409 videris,
219 328 252 388 et
278 324 444 408 proximus
469 324 607 408 salvare,
639 322 845 388 benefaciens
867 344 1065 410 nequaqum

56 431 91 494 in
123 436 214 497 utero
247 431 397 495 inducere
429 453 524 516 quem
557 431 720 496 credidisti
751 432 858 497 deum.
907 429 1065 503 Diodorus

57 542 166 602 autem
187 537 347 604 Nazaraei
369 559 500 623 magus,
523 538 591 603 eius
614 538 878 624 pigmentalibus
894 560 1066 625 morigenar

58 667 174 710 acuens
210 646 544 730 irrationabilitatem,
585 649 699 710 acutus
736 644 891 729 apparuit
926 646 1085 731 sophista!

56 753 224 839 religionis
257 755 405 838 agrestis.
454 752 504 817 Et
535 756 625 836 post
656 753 873 836 paululum:
919 750 1016 829 Quod
1044 755 1068 819 si

56 861 152 925 nobis
185 861 337 944 opitulati
367 861 490 925 fuerint
516 860 562 924 dii
590 865 624 925 et
650 860 730 925 deae
757 863 791 924 et
817 881 1067 929 musseomnes

57 973 90 1032 et
107 968 248 1052 fortuna,
266 967 472 1033 ostendemus
490 968 655 1032 infirmum
674 971 708 1032 et
723 971 953 1052 corruptorem
965 970 1089 1057 legum.

56 1078 90 1138 et
121 1075 285 1140 rationum
317 1079 351 1139 et
382 1077 613 1160 mysteriorum
645 1096 849 1162 paganorum
877 1080 914 1142 et
940 1077 1067 1143 deorum

56 1182 270 1267 infernorum,
307 1185 340 1247 et
373 1183 466 1247 illum
497 1204 617 1247 novum
650 1183 718 1246 eius
750 1181 847 1247 deum
879 1182 1093 1269 Galilaeorum!

57 1310 152 1373 quem
184 1293 353 1354 aeternum
381 1288 528 1353 fabulose
555 1288 723 1372 praedicat
748 1288 887 1375 indigne
912 1294 1068 1357 morteet

58 1396 239 1480 sepultura,
274 1394 470 1460 denudatum
506 1396 662 1460 confictae
698 1417 718 1460 a
748 1394 897 1463 Diodoro
932 1397 1066 1465 deitatis

58 1501 167 1567 Sicut
198 1506 324 1568 autem
352 1503 479 1567 solent
510 1512 684 1566 errantes
712 1502 885 1569 convicti
911 1502 1066 1591 fingere,

57 1609 154 1692 quod
178 1612 261 1674 arte
285 1611 407 1694 magis
432 1631 546 1694 quam
568 1609 736 1674 veritate
759 1609 989 1699 vincantur,
1015 1632 1065 1677 se·

57 1717 189 1800 quitur
212 1716 359 1781 dicens:
396 1715 463 1780 Iste
492 1715 579 1779 enim
601 1715 688 1780 malo
712 1716 896 1781 communis
918 1716 1094 1783 uulimtao

56 1823 203 1887 Athenas
231 1825 388 1907 navigans
412 1826 445 1885 et
468 1822 703 1906 philosophans
727 1822 955 1907 imprudenter
975 1822 1067 1891 musi·

57 1952 169 1994 corum
187 1930 402 2014 participatus
422 1934 471 1994 est
489 1930 660 2014 rationem,
683 1933 716 1994 et
732 1928 877 1995 rhetoris
896 1930 1067 1997 confectio·

55 2037 151 2101 nibus
180 2036 332 2101 odibilem
359 2036 542 2101 adarmavit
563 2037 710 2121 linguam
733 2036 890 2102 adversus
912 2038 1067 2103 caelesbs

57 2143 142 2226 deos
156 2165 257 2228 usque
273 2144 352 2208 adeo
366 2144 522 2227 ignorans
536 2163 739 2228 paganorum
751 2143 920 2229 mysteria,
928 2164 1069 2211 omnem·

56 2272 117 2334 que
131 2251 360 2316 miserabiliter
373 2250 544 2334 imbibens,
554 2252 592 2313 ut
605 2251 705 2333 aiunt,
714 2248 912 2334 degenerum
926 2250 1068 2337 etimpe·
1076 2262 1097 2305 Ι

56 2357 194 2421 ritorum
214 2359 282 2442 ejus
300 2356 528 2442 theologorum
541 2356 740 2440 piscatorum
753 2376 908 2421 errorem.
932 2354 1068 2443 Propter

56 2464 226 2547 quodiam
245 2464 300 2528 diu
319 2462 474 2549 estquod
493 2464 534 2528 ab
554 2464 636 2547 ipsis
649 2463 784 2547 punitur
797 2462 870 2527 diis.
898 2460 973 2529 Iam
985 2464 1069 2531 enim

55 2591 113 2653 per
131 2571 251 2634 multos
272 2592 373 2635 annos
392 2571 426 2634 in
444 2570 624 2653 periculum
641 2584 816 2635 conversus
835 2572 870 2635 et
886 2568 924 2633 in
942 2590 1069 2655 eorrup-
1100 2556 1109 2659 ’1

55 2677 179 2741 tionem
197 2676 341 2740 thoracis
359 2674 519 2760 incidens,
542 2677 583 2740 ad
602 2681 762 2740 summum
780 2676 931 2759 pervenit
949 2676 1068 2763 suppli·
1106 2672 1109 2677 ’

57 2783 150 2847 cium.
180 2781 282 2847 Omne
302 2783 371 2847 eius
391 2803 506 2865 corpus
526 2784 753 2865 consumptum
771 2783 830 2845 est
856 2778 948 2847 Nem
966 2782 1099 2849 rrnelaell

57 2889 124 2953 eius
152 2890 374 2974 conciderunt,
404 2910 504 2974 rugae
532 2910 608 2954 vero
635 2889 671 2953 in
693 2887 902 2953 altitudinem
923 2888 1068 2975 corpor'm

56 2996 296 3062 descenderunt.
327 2995 419 3073 Quod
437 3018 503 3059 non
522 2999 572 3060 est
589 2993 833 3079 philosophicae
851 2994 1069 3061 conversetis·

55 3103 106 3166 nis
126 3103 253 3187 indicio,
275 3104 359 3168 sicut
376 3102 479 3167 videri
496 3103 566 3167 vult
585 3125 605 3167 a
623 3124 657 3166 se
676 3101 830 3187 deceptis,
847 3100 906 3168 sed
922 3102 1068 3171 institae

55 3233 115 3293 pro
135 3215 222 3276 certo
242 3211 437 3294 deorumque
451 3231 584 3294 poenae,
602 3231 665 3294 que
678 3209 859 3294 percutitur
872 3210 1068 3299 competenti

55 3319 189 3401 ratione,
208 3339 309 3401 usque
328 3316 368 3382 ad
381 3317 596 3382 novissimum
609 3317 696 3382 vitae
715 3339 791 3382 suae
804 3316 907 3385 finem
919 3328 1100 3407 aspersus·

56 3429 88 3488 et
108 3446 252 3487 amaram
270 3424 371 3488 vitam
390 3423 500 3488 vivens
520 3427 553 3488 et
569 3423 686 3489 faeiem
704 3424 829 3509 pallore
846 3426 1051 3495 ansam
1107 3436 1109 3453 '

455 3551 583 3558 ——--—
586 3552 667 3559 ...a-—
