2392 3960
104 109 168 174 456
406 110 549 162 IULIANI
567 109 814 162 IMPERATORIS
1165 40 1168 157 ἀ

106 246 351 332 ξυλλοιδορεϊτέ
371 271 440 332 μοι,
464 246 519 312 καὶ
542 249 665 313 τοῦτον
689 244 733 331 δ’,
757 239 796 315 εὖ
819 257 903 334 ίστε,
924 246 987 316 ὑπ’
1011 247 1122 319 ἀλλων
1166 280 1168 349 j

107 351 361 438 ἐξηπατημένου.
423 347 571 437 όυόματα
610 349 682 438 ἥκει
719 351 803 440 πρὸς
838 351 925 441 ὑμᾶς
964 352 1124 436 πολλάκις
1166 354 1168 377 '

106 456 371 548 κωμῳδούμευα,
409 456 555 524 Πλάτων
590 458 645 524 καὶ
676 456 860 545 Σωκράτης
890 460 947 528 καί
977 456 1123 549 Ἀριστο-

67 565 202 650 Οτέλης
227 565 283 632 καὶ
312 566 533 650 Θεόφραστος.
579 564 717 644 ἐκείνοις
743 562 769 632 δ’
790 566 900 654 γέρων
928 558 1032 647 οὗτος
1058 594 1123 637 πει-

107 670 201 748 σθεὶς
222 665 279 736 ὑπ’
305 665 508 756 ἀφροσύνης,
530 674 641 737 ἔπειτα
660 670 716 757 ἐμὲ
735 672 815 739 νέου
833 670 955 761 εὗρόν,
978 674 1146 762 έραστηυι

106 775 230 862 λόγων,
262 770 449 859 ἀνέπεισεν,
477 772 536 859 ὡς,
566 780 596 843 εί
621 774 662 843 τά
685 775 792 844 πάντα
816 779 954 847 ἐκείνων
977 781 1124 869 ζηλωτὴς

106 886 281 968 γενοίμην,
307 876 455 967 ἀμείνων
478 885 594 967 ἔσομαι
617 884 686 949 τῶν
708 881 769 968 μὲν
793 879 906 957 ἀλλων
928 881 1125 975 ἀνθρώπων

107 999 186 1066 ἴσως
218 982 370 1062 οὐδενός·
413 984 455 1054 οὐ
486 985 550 1075 γὰρ
583 985 673 1055 εἷναί
700 1015 758 1075 μοι
789 988 873 1076 πρὸς
904 989 1031 1072 αὐτοὺς
1062 992 1125 1080 τὴν

107 1094 260 1181 άμιλλαν·
293 1092 438 1179 ἐμαυτοῦ
462 1093 499 1160 δὲ
521 1093 661 1173 πάντως.
706 1094 770 1181 ἐγὼ
794 1095 846 1164 δὲ·
877 1094 1009 1188 οὐγὰρ
1034 1096 1125 1188 εἶχον

107 1200 169 1286 ό,τι
196 1202 293 1267 ποιά·
330 1200 480 1277 πεισθεὶς
507 1197 617 1267 οὐκέτι
645 1199 791 1287 δύναμαι
813 1205 1041 1292 μεταθέσθαι,
1069 1209 1158 1277 καίει

63 1310 210 1375 Βταῦτα
242 1305 372 1372 ἐθέλων
403 1303 575 1390 πολλάκις,
612 1302 684 1373 ἀλλ’
714 1303 865 1388 ὀνειδίζω
893 1308 956 1395 μὲν
983 1312 1125 1405 ἐμαυτῷ,

108 1412 194 1481 διότι
222 1409 267 1499 μὴ
294 1413 380 1478 ποιά
409 1411 518 1500 (πᾶσι)
541 1415 653 1479 πᾶσαν
679 1409 797 1480 ἀδειαυ
823 1410 984 1484 ἁπάντων
1011 1415 1125 1506 ἀδικη-

108 1519 233 1607 μάτων·
269 1516 381 1585 ὕπεισι
410 1518 450 1583 δέ
475 1544 514 1604 με
542 1518 578 1584 ἐκ
604 1521 672 1585 τῶν
694 1517 878 1598 Πλάτωνος
899 1518 964 1590 ὅσα
987 1519 1007 1591 ὃ
1030 1520 1125 1613 Ἀθη-

108 1640 202 1704 ναῖος
229 1627 384 1712 διεξῆλθε
413 1624 520 1708 ξένος,
557 1626 577 1663 “
585 1631 700 1712 Τίμιος
725 1625 788 1712 μὲν
817 1624 860 1714 δὴ
887 1627 944 1695 καὶ
975 1627 994 1697 ὁ
1019 1631 1125 1719 μηδὲν

107 1728 249 1816 ἀδικῶν,
282 1731 299 1801 ὁ
326 1732 364 1800 δέ
386 1727 465 1818 μηδ’
492 1731 675 1817 ἐπιτρέπων
696 1746 766 1810 τοῖς
789 1727 970 1801 ἀδικοῦσιν
992 1733 1155 1807 ἀδικείνιι

107 1840 210 1906 πλέον
240 1833 261 1924 ἢ
296 1843 472 1916 διπλασίας
498 1839 595 1923 τιμῆς
622 1834 713 1917 ἀξιος
741 1837 884 1923 ἐκείνου·
921 1835 940 1906 ό
969 1839 1035 1926 μὲν
1060 1843 1124 1933 γὰρ

108 1943 195 2032 ἑνός,
220 1941 237 2012 ὁ
263 1943 300 2010 δὲ
322 1945 455 2010 πολλῶν
479 1938 631 2021 ἀντάξιος
654 1942 787 2029 ἑτέρων,
808 1941 950 2030 μηνύων
971 1944 1124 2034 τὴντῶν

108 2049 220 2118 ἀλλων
247 2065 318 2128 τοῖς
348 2047 511 2135 άργονσιν
537 2043 682 2117 ἀδικίαν.
727 2046 745 2116 ό
771 2047 808 2117 δὲ
830 2050 886 2118 καὶ
908 2054 1124 2139 συγκολάζων

50 2164 152 2236 354είς
182 2155 328 2242 δόναμιυ
357 2169 427 2232 τοῖς
457 2151 634 2241 ἄρχουσιν,
671 2150 689 2221 ό
719 2155 822 2241 μέγας
847 2151 934 2244 ἀνὴρ
962 2159 1002 2227 έν
1030 2160 1124 2230 πόλει

106 2263 162 2331 καὶ
194 2263 331 2346 τέλειος,
364 2252 462 2338 οὗτος
493 2256 752 2347 ἀναγορευέσθω
783 2263 968 2350 νικηφόρος
995 2262 1156 2355 ἀρετῆςιι

106 2368 167 2436 τὸν
195 2365 300 2437 αὐτὸν
327 2367 369 2454 δὴ
396 2369 519 2434 τοῦτον
547 2369 686 2433 ἔπαινον
712 2367 768 2433 καί
795 2367 870 2455 περὶ
897 2373 1124 2462 σωφροσύνης

106 2473 169 2561 χρὴ
197 2476 307 2561 λέγειν
332 2474 388 2540 καὶ
415 2473 490 2559 περὶ
518 2471 714 2560 φρονήσεως
735 2472 791 2539 καὶ
815 2470 879 2541 ὅσα
899 2471 985 2544 ἀλλα
1008 2474 1124 2566 ἀγαθά

107 2607 157 2659 τις
178 2581 342 2667 κέκτηται,
365 2577 492 2647 δυνατὰ
514 2575 559 2666 μὴ
583 2577 690 2666 μόνον
712 2575 818 2646 αὐτὸν
840 2583 939 2667 ἔχειν,
961 2579 1050 2653 ἀλλά
1069 2586 1123 2655 καί

177 2727 191 2774 1
212 2722 422 2788 ξολλοιδορεῑτε
439 2718 475 2789 V]
494 2721 640 2787 σνλλοιδ.Ι
661 2715 694 2772 δέ
712 2723 784 2774 VMb
854 2715 945 2777 όδπό
963 2726 1040 2778 vm>
1106 2730 1121 2780 δ

109 2785 200 2855 λόγων
218 2808 269 2842 om.
288 2792 335 2842 Mb
351 2795 356 2848 Ι
377 2785 507 2854 ἐκείνων]
526 2782 649 2848 ἐκείνοις
667 2790 704 2839 Pe
722 2795 801 2841 mart.
873 2794 904 2842 12
921 2791 995 2845 πᾶσι
1012 2796 1121 2847 addida

110 2859 176 2908 Cob.
218 2863 249 2909 13
267 2875 303 2924 με
321 2857 354 2924 V]
373 2874 422 2922 μοι
438 2858 442 2922 Ι
458 2848 622 2923 Πλάτωνος]
640 2858 725 2922 Legg.
744 2858 776 2909 V.
797 2875 822 2922 p.
840 2860 921 2910 7301)
958 2864 990 2912 1⁶
1008 2855 1121 2917 έκείτιιιι

108 2932 186 2975 mart.
205 2931 261 2990 pet.
280 2941 295 2975 ο
313 2925 443 2988 Platone,
463 2931 494 2976 ut
511 2922 630 2988 videtur]
650 2917 760 2983 ἐκεῖνος
790 2928 822 2976 17
841 2918 855 2977 δ
876 2920 921 2992 δέ]
939 2918 1012 2980 οάδδ
1030 2931 1057 2981 V
1090 2932 1120 2983 10

110 2986 290 3056 συγκολάζων
309 2991 415 3056 VMbF]
444 2990 625 3070 ξνγηολιὶζωυ
645 3008 706 3042 cum
723 2992 841 3043 Platone
910 2997 943 3045 19
960 2988 1019 3063 ἀνὴ
1057 3004 1120 3049 anto

110 3056 152 3118 είς
171 3053 297 3124 δάναμιν
326 3060 385 3110 add.
403 3061 427 3109 V
459 3061 464 3118 Ι
496 3074 635 3124 αργονσιυ
653 3052 668 3112 ὁ
687 3053 776 3126 μέγας
798 3076 860 3112 eum
878 3062 995 3113 Platone
1016 3014 1121 3131 ἀλίθῐ]

108 3120 244 3193 άρχονσι,
261 3121 351 3192 μέγας
397 3130 430 3177 20
448 3122 535 3193 ἀρετῇ
553 3128 677 3178 Platonis
695 3127 769 3180 libri.
806 3129 906 3178 Iuliani
922 3146 990 3183 vero
1007 3122 1120 3199 ἀρετῆς,

109 3195 181 3259 quod
200 3195 282 3245 etiam
303 3193 378 3245 1000
395 3200 423 3243 et
440 3195 514 3260 apud
526 3195 674 3246 Maximum
685 3197 749 3257 Tyr,
762 3199 805 3258 5,9
820 3195 930 3260 legitur,
948 3212 1045 3250 verum
1063 3214 1120 3253 om

109 3264 189 3312 docet
208 3260 280 3312 Plat.
298 3263 385 3325 Legg.
397 3261 460 3311 XII.
478 3278 503 3326 p.
515 3262 596 3312 9640
614 3261 666 3315 τοῦ
683 3259 782 3314 πᾶσαν
799 3256 905 3330 ἀρετὴν
923 3260 1110 3333 νενικηκότος
1166 3244 1168 3315 I

109 3331 180 3395 quod
200 3346 273 3380 nunc
292 3345 325 3379 ex
344 3330 454 3394 optimi·
472 3328 550 3381 libris
568 3331 723 3381 restitutum
740 3336 784 3382 est
800 3347 850 3396 pro
867 3330 920 3381 τοῦ
936 3325 980 3383 κά
1035 3326 1087 3400 εἶρε
1166 3342 1168 3355 ·

108 3393 294 3461 νενικηκότος
351 3400 384 3446 22
401 3394 468 3459 περὶ
486 3402 550 3448 ante
569 3389 735 3464 φρονήσεως
753 3414 805 3449 om.
822 3400 893 3449 MbF
944 3401 980 3452 23
1016 3394 1119 3455 τέταται

108 3466 156 3518 Ρε.
192 3467 251 3519 Pet.
269 3466 427 3530 suspicatur
444 3462 494 3515 καί
513 3457 638 3515 δύναται
655 3460 694 3530 μη
712 3458 800 3531 μόνος
818 3457 907 3525 αότός
925 3461 1005 3533 ἔχειν
