2392 3960
471 180 606 231 οειτιο
625 181 661 232 11.
1014 178 1075 242 113

54 337 159 398 χοντα
188 304 228 376 τά
247 309 316 375 τῶν
343 303 502 394 ὑπηκόων
525 304 699 394 εὐλαβείας
726 310 800 396 πέρι
828 311 883 376 καὶ
911 308 1074 398 θράσους.

55 417 266 505 προνοητέον
294 413 330 482 δέ
359 410 451 505 αὐτῷ
478 417 546 481 τῶν
574 412 833 503 είρημένωνού
861 429 956 503 μεῖον
985 411 1075 495 ὅπως

56 520 218 611 ἄφθονον
250 519 312 608 τὴν
343 517 475 608 τροφὴν
506 525 605 608 ἔχωσι
637 522 692 589 καὶ
726 516 867 602 οὐδενὸς
898 524 966 588 τῶν
994 517 1074 588 άνα-

55 635 186 716 γκαίων
215 629 401 697 ἐνδέωνται.
448 627 605 707 πολλάκις
633 625 697 722 γὰρ
726 631 761 695 οί
786 627 977 697 πιστότατοι
1005 631 1114 695 τῶνΒ

30 741 226 823 εποιμνίων
268 734 414 823 φρουροὶ
455 734 509 800 καὶ
552 733 697 820 φύλακες
738 729 803 802 ὑπὸ
845 737 903 823 της
945 737 1075 815 ἐνδείας

57 838 321 927 ἀναγκαζόμενοι
354 836 470 928 άγριοί
498 841 535 907 τέ
561 845 624 907 είσι
656 854 726 920 τοῖς
758 842 898 926 νομεῦσι
930 842 985 909 καὶ
1014 836 1074 908 αύ-

56 946 138 1029 τούς
165 947 346 1037 πόρρωθεν
375 945 502 1025 ἰδόντες
530 949 788 1034 περινλακτούσι
815 948 869 1014 καὶ
899 943 980 1014 οὐδὲ
1007 950 1075 1014 των

56 1053 239 1144 προβάτων
267 1050 460 1140 ἀπέσχοντο.
501 1056 652 1133 τοιοῦτος
680 1052 741 1140 μὲν
769 1052 823 1121 ἐπὶ
842 1055 1076 1141 στρατοπέδων

58 1157 76 1230 δ
105 1174 272 1247 γενναῖος,
300 1160 393 1228 πόλει
422 1157 458 1226 δὲ
487 1156 595 1248 σωτὴρ
623 1160 678 1227 καί
702 1158 867 1247 κηδεμών,
896 1156 970 1228 ούτι
997 1158 1077 1241 τοὺς

19 1298 44 1338 ιο
58 1270 188 1349 ἔξωθεν
220 1265 326 1354 μόνον
359 1263 528 1354 άπείργων
560 1265 744 1346 κινδύνους
776 1262 857 1334 οὐδὲ
885 1263 1073 1334 άντιταττό-

57 1400 159 1462 μενος
185 1368 206 1440 ί
235 1374 290 1441 καὶ
318 1370 562 1460 ε’πιστρατεύων
580 1372 763 1462 βαρβάροις
790 1379 928 1458 γείτοσι·
957 1371 1076 1440 στάσιν

58 1479 96 1548 δὲ
126 1481 266 1569 ἐξαιρῶν
297 1481 352 1547 καὶ
381 1483 443 1565 ἔθη
477 1476 632 1566 μοχθηρά
659 1480 714 1546 καὶ
747 1477 881 1568 τρυφὴν
913 1480 969 1546 καὶ
997 1476 1115 1548 &uo-O

59 1592 181 1655 λασίαν
208 1588 276 1653 των
295 1591 459 1673 μεγίστων
477 1586 591 1652 κακῶν
608 1587 740 1675 παρέξει
760 1585 946 1675 ῥᾳστώνην.
974 1583 1076 1673 ύβριν

61 1692 98 1760 δέ
131 1693 289 1782 ἐξείργων
319 1692 376 1760 καὶ
413 1697 626 1779 παρανομίαν
658 1692 713 1760 καὶ
747 1688 881 1762 άδικίαν
918 1692 973 1760 καὶ
1007 1694 1075 1760 έπι-

20 1829 46 1871 ιι
61 1805 192 1886 θνμίαν
224 1795 368 1888 άμέτρον
396 1797 542 1884 κτήσεως
570 1799 655 1886 [καὶ]
684 1796 742 1879 τάς
775 1800 810 1866 ἐκ
837 1798 967 1867 τούτων
994 1795 1075 1867 άνα-

60 1906 234 1994 φνομένας
261 1903 392 1985 στάσεις
419 1905 475 1971 καὶ
504 1909 616 1992 ἔριδας
649 1909 695 1984 είς
722 1902 824 1973 οὐδὲν
852 1903 998 1993 χρηστὸν
1025 1932 1075 1973 τε-

58 2011 228 2092 λευτώσας
255 2008 335 2080 οὐδὲ
362 2007 423 2097 τὴν
451 2007 557 2099 άρχην
576 2008 724 2091 άνέξεται
752 2014 869 2098 φῦναι,
896 2013 1076 2097 γενομένας

60 2118 98 2187 δὲ
128 2113 173 2198 ὡς
201 2123 251 2185 ἐνι
279 2118 417 2205 τάχιστα
445 2113 603 2204 άφανίσει
631 2118 686 2185 καὶ
714 2116 857 2198 ἐξελάσει
884 2119 943 2204 της
970 2112 1076 2185 αὑτοῦ

59 2223 196 2305 πόλεως.
237 2223 371 2311 λήσεται
390 2223 427 2292 δὲ
455 2221 561 2291 αὐτὸν
579 2219 692 2304 οὐδεὶς
718 2218 865 2311 ὑπερβάς
882 2220 942 2291 τὸν
969 2223 1077 2310 νόμον

10 2331 117 2403 -ιικαὶ
150 2329 368 2419 βιασάμενος,
402 2326 481 2419 (οὐ)
515 2332 642 2417 μάλλον
674 2325 694 2417 ἢ
727 2333 795 2397 τῶν
828 2335 995 2416 πολεμίων
1027 2357 1077 2410 τις

59 2435 121 2507 τόν
149 2437 285 2525 χάρακα.
327 2436 436 2524 φύλαξ
465 2435 502 2504 δέ
521 2431 569 2503 ἐόν
593 2433 727 2522 άγαθὸς
745 2439 814 2504 των
832 2436 956 2523 νόμων,
985 2432 1120 2522 άμεί-Ι)

59 2571 132 2613 νων
160 2548 252 2612 ἔσται
280 2542 493 2632 δημιουργός,
522 2552 656 2611 εἴποτε
684 2540 799 2633 καιρὸς
825 2544 881 2611 καὶ
908 2541 990 2629 τύχη
1019 2570 1076 2610 κα-

59 2656 149 2737 λοίη·
178 2651 234 2717 καὶ
262 2646 402 2737 οὐδεμία
429 2647 557 2737 μηχανά
578 2655 689 2717 πείθει
707 2647 767 2718 τὸν
794 2652 949 2718 τοιοῦτον
968 2652 1075 2737 ψευδῆ

61 2757 117 2825 καὶ
155 2760 317 2844 κίβδηλον
349 2757 405 2824 καὶ
437 2755 547 2824 νόθον
584 2769 654 2836 τοῖς
690 2757 853 2844 κειμένοις
891 2754 1077 2841 ἐπεισάγειν

24 2862 180 2951 εινόμον,
209 2859 250 2931 ού
277 2865 404 2950 μάλλον
431 2857 451 2949 ἢ
479 2876 548 2942 τοῖς
576 2857 681 2930 αὑτοῦ
709 2864 803 2930 παισὶ
837 2861 993 2930 δούλειον
1021 2864 1076 2930 καὶ

10 3002 17 3129 ἐ
131 3090 145 3136 1
172 3079 216 3136 δά
236 3099 303 3146 σονς
324 3085 349 3135 V
417 3087 434 3135 4
461 3076 620 3137 ἐνδέωνται
642 3083 685 3151 Η]
710 3077 857 3136 ἐνδέοιντο
932 3087 947 3136 9
975 3076 990 3137 ό
1013 3101 1078 3150 γεν-

60 3158 147 3214 ναῖος
166 3154 221 3205 VM
255 3157 396 3220 γενναῖος.
425 3153 492 3203 Rsk.
509 3158 590 3218 putat
612 3154 709 3204 deesse
728 3145 851 3219 ἡγεμών.
881 3152 918 3202 At
936 3154 991 3203 vid.
1011 3152 1078 3204 900

10 3222 14 3327 ρ
61 3227 90 3273 et
107 3222 241 3278 Themist,
266 3239 289 3287 p.
307 3222 377 3272 4οΑ
399 3224 426 3270 ει
448 3219 516 3270 430
544 3219 548 3287 Ι
574 3214 641 3281 τούς
659 3218 728 3286 VM]
751 3219 808 3271 τῶν
878 3223 908 3270 11
934 3210 1033 3287 ἧκαλ]
1058 3214 1077 3282 ἢ

55 3291 91 3355 ,Μ
143 3292 175 3341 12
194 3282 316 3357 ἐξαίρων
328 3288 405 3352 VM1
424 3283 480 3354 ἕδη
499 3286 640 3367 μοχθηρά,
653 3286 685 3354 V]
705 3282 841 3355 μοχθηρά
858 3284 917 3366 β’θη
977 3293 1008 3338 15
1026 3286 1076 3339 καὶ

61 3356 221 3410 ἰοεΙοοίλΗ
292 3360 322 3408 17
341 3353 498 3424 γενομένας
516 3354 553 3422 Μ]
566 3372 728 3423 -γενομενος
746 3357 778 3416 V,
798 3371 940 3422 γενόμενα
960 3375 976 3406 τ
1047 3356 1080 3403 18

10 3446 13 3465 1
63 3421 107 3477 ἔνι
125 3442 177 3477 om.
196 3425 220 3474 V
241 3422 245 3488 Ι
269 3417 395 3490 άφανιει*
411 3423 532 3474 Gobetus
553 3423 557 3488 Ι
582 3416 672 3476 αὑτοῦ
690 3422 730 3490 Η]
750 3418 841 3476 αὐτοῦ
911 3416 995 3475 20οό
1015 3421 1078 3471 add.

10 3470 13 3557 l
63 3494 99 3543 Η.
130 3493 259 3548 eninm
282 3495 307 3544 D
379 3494 411 3542 21
435 3483 597 3557 φάρακαν
666 3495 699 3543 23
723 3483 908 3569 ρύδὲμιάλ
936 3492 939 3554 Ι
966 3488 1078 3553 πείθειλ

63 3559 159 3613 πείσει
175 3561 268 3611 malim
336 3562 370 3610 24
389 3552 535 3626 ἐπεισάγει
555 3562 578 3611 V
648 3561 680 3610 25
700 3558 787 3611 αυτοῦ
806 3560 866 3610 VM

116 3653 221 3696 Iulianus
234 3655 254 3697 I.
868 3647 883 3694 8
