2392 3960
11 39 124 109 W''·'''''
189 86 193 91 -
292 62 296 67 ·

481 184 617 237 οαιτιο
636 186 658 238 1.
1037 183 1078 248 57

61 308 127 382 ὑπὸ
147 314 208 400 τῆς
235 308 390 399 εὐτυχίας
408 310 640 401 φρονήσαντας
668 317 719 393 τίς
736 309 774 380 δὲ
802 312 991 402 ἐπαρθέντα
1008 325 1079 393 τοῖς

59 417 301 507 κατορθώμασι
332 417 507 499 τοσούτοις
535 415 587 504 [τὸ
614 420 760 506 πλῆθος]
789 419 844 487 καὶ
872 417 1081 505 τηλικούτοις

60 528 97 595 ἐν
135 532 256 615 βραχεῖ
279 522 403 616 ’χρόνῳ
445 526 650 612 γενομένοις,
691 520 774 593 ἀλλὰ
810 522 872 594 τὸν
909 530 1081 593 Φιλίππου

60 632 170 720 φασὶν
195 628 429 721 Ἀλέξανδρον,
457 628 570 719 ἐπειδὴ
598 629 660 718 τὴν
686 633 830 721 Περσων
857 640 993 700 καθεῖλε
1021 631 1080 699 δύ-

33 764 180 826 εναμιν,
222 734 264 806 ού
296 736 403 826 μόνου
442 735 505 824 την
541 735 646 825 όίλλην
686 742 820 806 δίαιταν
853 736 935 827 πρὸς
976 735 1080 823 όγκου

59 850 195 933 μειζονα
223 845 279 912 καὶ
296 849 375 913 λίαν
393 845 523 931 ἐνταχθῇ
550 859 620 924 τοῖς
647 845 750 911 πᾶσιν
772 839 961 932 ὑπεροψίαν
984 870 1079 931 μετα-

59 956 193 1037 βαλεῖν,
226 946 298 1018 ἀλλ’
332 947 397 1038 ἤδη
430 951 485 1018 καὶ
516 952 579 1018 τοῦ
616 948 788 1036 φύσαντος
819 945 990 1038 ὑπερορᾶν
1022 950 1078 1018 καὶ
1097 975 1132 1026 46

59 1059 120 1144 τῆς
156 1048 376 1147 ἀνθρωπίνης
413 1051 542 1144 ἁπάσης
580 1055 721 1144 φύσεως.
772 1052 868 1144 ἠξίου
906 1053 970 1145 γὰρ
1006 1053 1081 1136 υίὸς

51 1159 244 1251 Ἄμμωνος,
281 1159 353 1231 ἀλλ’
390 1159 432 1231 ού
470 1168 639 1231 Φιλίππου
675 1169 884 1250 νομίζεσθαι,
920 1163 977 1231 καὶ
1012 1165 1081 1230 τῶν

21 1299 48 1340 ιο
62 1270 406 1358 συστρατευσαμένων
434 1265 509 1337 ὅσοι
527 1266 572 1357 μὴ
591 1269 785 1338 κολακεύειν
803 1268 887 1357 μηδὲ
907 1267 1081 1337 δουλεύειν

61 1372 246 1463 ἠπίσταντο
287 1378 356 1445 τῶν
397 1373 592 1444 ἑαλωκότων
633 1374 830 1465 πικρότερον
877 1374 1080 1457 ἐκολάζοντο.

62 1478 146 1551 ἀλλὰ
179 1483 243 1550 σού
275 1508 313 1568 γε
344 1484 403 1569 τῆς
435 1486 482 1562 είς
513 1480 573 1550 τὸν
605 1483 729 1571 πατέρα
761 1485 857 1570 τιμῆς
888 1473 953 1571 ἆρα
986 1478 1080 1562 όξιον

61 1590 214 1657 ἐνταῦθα
245 1591 450 1676 μεμνησθαι;
473 1584 525 1657 όν
553 1584 615 1656 οὐκ
648 1592 718 1678 ἰδίᾳ
750 1588 858 1675 μόνον
890 1587 1080 1675 σεβόμενος,

62 1690 115 1763 ἀεὶ
148 1693 187 1762 δὲ
219 1696 257 1763 ἐν
287 1709 357 1776 τοῖς
392 1708 520 1774 κοινοῖς
558 1692 734 1780 συλλόγοις
766 1696 919 1775 διετέλεις
956 1689 1079 1781 ιἰνακη-

23 1830 50 1871 ιε
63 1800 195 1891 ρύττωυ
213 1800 365 1891 καθάπερ
393 1797 527 1887 ἀγαθὸν
545 1797 646 1889 ἥρωα.
682 1803 752 1870 τῶν
770 1808 880 1889 φίλων
899 1802 947 1887 δέ,
975 1796 1080 1881 νἰξιοῖς
1096 1817 1120 1870 Β

62 1904 128 1994 γὰρ
162 1904 287 1987 αύτούς
324 1905 387 1976 ούκ
419 1904 513 1995 όίχρις
546 1904 709 1994 ὀνόματος
745 1907 853 1994 μόνον
883 1910 942 1994 τῆς
973 1908 1079 1994 τιμῆς,

61 2011 152 2082 πολὺ
189 2013 227 2082 δέ
264 2015 367 2082 πλέον
404 2012 460 2081 διὰ
496 2015 565 2081 τῶν
601 2012 803 2100 πραγμάτων
840 2019 990 2100 βεβαιοῖς
1027 2009 1077 2080 ἐπ’

62 2116 178 2188 αύτῶν
208 2116 372 2207 τούνομα·
410 2125 501 2188 ἐστιν
539 2110 602 2188 οὖν
634 2116 700 2206 όίρα
731 2145 781 2199 τις
814 2115 831 2187 ό
869 2117 1081 2206 μεμφόμενος

62 2221 200 2313 ιἰτιμίαν
232 2221 253 2314 ἢ
287 2233 404 2314 ζημίαν
437 2222 456 2313 ἢ
489 2225 620 2314 βλάβην
647 2222 671 2313 ἥ
696 2250 772 2292 τινα
805 2221 927 2314 μικρὰν
959 2220 1079 2315 ύπερο-

24 2338 148 2413 υψίαν
174 2328 196 2421 ἢ
224 2338 372 2420 μείζονα;
406 2328 478 2401 ἀλλ’
514 2328 576 2401 ούκ
608 2327 651 2400 όέν
684 2326 841 2418 ούδαμῶς
874 2337 979 2400 εἰπεῖν
1011 2337 1081 2418 ἔχοι

62 2441 221 2508 τοιοῦτον
249 2435 360 2509 οὐδέν.
396 2438 525 2508 τούτων
552 2437 617 2528 γὰρ
637 2442 672 2506 οί
692 2436 754 2525 μὲν
772 2439 906 2528 γηραιοί
934 2437 1081 2526 σφόδρα,

61 2560 135 2626 ταῖς
167 2541 285 2636 όρχαῖς
316 2551 363 2626 είς
394 2543 457 2633 τὴν
488 2546 693 2635 είμαρμέυην
724 2542 880 2633 τελευτὴν
912 2547 974 2613 τοῦ
1000 2550 1080 2632 βίον

61 2657 341 2741 παραμείναντες,
372 2650 430 2733 τὰς
462 2652 645 2739 ἐπιμελείας
675 2653 745 2719 τῶν
776 2654 902 2747 κοινῶν
935 2652 1081 2720 συναπέ-

63 2767 167 2827 θευτο
195 2772 265 2839 τοῖς
293 2756 434 2846 στόμασι,
461 2758 577 2827 παισὶν
604 2753 755 2845 ἢφίλοις
782 2755 888 2845 ἥτισι
915 2755 999 2847 πρὸς
1027 2758 1121 2843 γε’-0

28 2890 146 2945 ωνονς
181 2862 262 2946 τοὺς
293 2864 438 2955 κλήρους
474 2866 760 2953 παραπέμποντες·
797 2861 891 2932 όίλλοι
928 2862 966 2931 δὲ
997 2861 1081 2953 πρὸς

63 2969 144 3052 τοὺς
170 2970 299 3052 πόνους
325 2971 382 3039 καὶ
408 2969 466 3052 τὰς
493 2976 665 3061 στρατείας
692 2967 971 3060 ἀπαγορεύοντες,
999 2966 1080 3056 ἀφέ-

65 3096 149 3158 σεως
181 3080 317 3166 ἐντίμου
349 3077 519 3165 τυχόντες,
552 3079 651 3160 ζῶσιν
683 3073 804 3164 όλβιοι·
836 3075 923 3156 τινὲς
956 3074 993 3144 δὲ
1024 3075 1081 3144 καὶ

131 3229 148 3277 2
171 3220 204 3278 τό
229 3226 344 3295 πλῆθος
367 3228 481 3279 inclusit
502 3229 542 3288 H,
566 3222 605 3280 τῶ
626 3218 736 3292 πλήθει
758 3226 784 3277 V
851 3228 868 3276 4
890 3218 944 3293 τὴν
963 3221 1081 3292 Περσῶν

65 3290 132 3361 VM]
150 3290 209 3347 τῶν
225 3295 345 3358 Περσῶν
406 3299 423 3347 9
440 3291 625 3362 νομίζεσθαι]
645 3293 811 3361 λογίζεσθαι
829 3295 854 3344 V
911 3298 942 3345 10
960 3308 1081 3359 ουστρα·

66 3358 251 3428 πεπαμένον
271 3361 306 3431 V]
330 3360 601 3430 συστρατευομένων
675 3364 707 3412 11
729 3357 786 3414 τῶν
808 3354 993 3416 ἕλαλωκότων
1015 3359 1080 3424 (sie)

65 3444 140 3514 ιιιτιρ.
164 3422 239 3487 έκολ,
257 3427 294 3498 V]
318 3448 369 3484 πικ
389 3474 395 3486 .
418 3424 493 3484 ἐκολ.
516 3429 572 3482 τῶν
595 3423 759 3483 ἑαλωκότων
830 3433 861 3481 12
885 3415 987 3506 ἆρα)7
1024 3419 1082 3505 ἄρα

68 3498 135 3577 ηθα
191 3449 472 3567 ἿΙὸμεμφόμενος
490 3496 527 3566 V]
546 3494 730 3565 μεμφόμενος
760 3557 766 3576 ⁸
797 3501 832 3550 20
850 3489 984 3562 ούδαμως
1014 3485 1080 3547 ουδ’

65 3581 101 3617 ατ
119 3566 248 3627 εςΒεΙτ.
317 3570 349 3618 21
368 3559 530 3620 ούὸἐὶἒνλ]
600 3568 633 3617 26
651 3579 785 3631 στρατιας
803 3566 828 3615 V
