2392 3960
138 181 197 246 118
435 185 578 237 IULIANI
597 182 847 237 ιαεεωετοοιε

134 307 212 380 οὔτε
245 307 351 400 ἀργον
383 308 460 380 οῦτε
492 310 643 393 αὔθαδες
675 308 823 393 ἀνέξεται
850 308 937 380 εἰναι
970 307 1049 380 σῦτε
1081 309 1150 399 μὴν

80 436 113 488 92
133 416 244 498 ἐνδεὲς
275 419 344 486 τῶν
376 415 582 506 ἀναγκαίων·
619 416 657 487 τὸ
692 417 728 487 δὲ
762 421 798 487 έν
830 432 900 499 τοῖς
932 414 1049 507 ἀγροῖς
1080 418 1150 486 τῶν

131 526 291 612 γεωργῶν
332 527 443 612 φῦλον
484 522 645 614 ἀροῦντες
680 526 736 594 καὶ
774 525 978 612 φυτεύοντες
1017 521 1150 614 τροφὴν

132 627 312 699 ἀποίσουσι
338 647 408 712 τοῖς
435 631 558 720 φύλαξι
586 632 641 700 καί
670 631 859 721 ἐπικούροις
886 633 995 718 σφῶν,
1022 629 1150 720 μισθὸν

131 739 187 807 καί
206 739 332 825 έσθῆτα
350 737 412 827 τὴν
431 736 626 825 ἀναγκαίαν.
668 737 916 826 οἰκοδομήματα
935 737 972 807 δέ
989 734 1174 828 Ἀσσύριαε

131 845 187 913 καί
224 851 414 926 πολυτελεῖς
450 848 506 915 καί
545 842 740 935 δαπανηρὰς
775 851 984 934 λειτουργίας
1019 851 1150 934 χαίρειν

133 951 288 1032 ἐάσαντες
316 954 354 1019 εὐ
381 952 497 1041 εἰρήνῃ
533 954 638 1040 πολλῇ
665 954 733 1019 τῶν
760 979 794 1019 τε
827 953 953 1032 ἔξωθεν
980 956 1150 1038 πολεμίων

131 1059 187 1127 καὶ
213 1060 282 1125 τῶν
311 1067 449 1126 οἰκοθεν
475 1058 752 1147 καταβιῶσονται,
781 1054 975 1143 ἀγαπῶντες
998 1056 1060 1145 μέν
1087 1055 1150 1127 τὸν

132 1173 241 1231 αἰτιου
272 1165 341 1230 τῶν
377 1164 555 1255 παρόντων
592 1171 688 1252 σφίσι
721 1163 873 1253 καθάπερ
907 1160 1042 1251 ἀγαθὸν
1074 1168 1148 1232 δαί-

95 1285 234 1357 Βμονα,
266 1264 452 1357 ὑμνοῦντες
484 1271 522 1341 δὲ
555 1267 606 1341 ἐπ’
641 1267 732 1362 αὐτῶ
765 1269 824 1339 τὸν
855 1269 941 1340 θεὸν
963 1272 1024 1340 καὶ
1053 1271 1149 1340 έπευ-
1163 1303 1186 1343 ιο

130 1375 280 1463 χόμενοι,
314 1374 388 1445 οότι
420 1380 572 1459 πλαστῶς
604 1374 684 1446 οὐδὲ
717 1374 781 1446 ἀπὸ
815 1378 975 1466 γλώττης,
1003 1382 1149 1447 ἔνδοθεν

131 1482 169 1550 δὲ
196 1479 254 1551 ἀπ’
285 1479 388 1571 αὐτῆς
419 1487 477 1573 τῆς
508 1488 617 1573 ψυχῆς
650 1486 804 1552 αἰτοῦσιν
836 1481 926 1576 αὐτῷ
953 1482 994 1553 τά
1023 1480 1149 1571 ἀγαθοί.

131 1588 307 1676 φθάνουσι
334 1590 371 1659 δὲ
399 1594 435 1658 οί
458 1593 535 1659 θεοὶ
561 1589 620 1672 τάς
647 1586 755 1677 εύχάς,
783 1593 839 1660 καί
863 1586 954 1682 αὐτῷ
981 1590 1149 1680 πρότερον

130 1692 170 1763 τά
207 1706 286 1764 θεῖα
322 1697 438 1778 δόντες
475 1694 555 1766 οῦδὲ
591 1698 659 1765 τῶν
691 1693 920 1785 ἀνθρωπίνων
956 1698 1148 1787 ἐστέρησαν.

132 1807 163 1870 εἰ
189 1801 226 1870 δὲ
253 1800 290 1871 τὸ
318 1800 426 1892 χρεῶν
457 1803 602 1890 βιάζοιτο
635 1805 726 1895 κακῶ
753 1830 798 1894 τῳ
831 1818 1036 1892 περιπεσεῖν,
1069 1802 1147 1873 τού·
1163 1834 1186 1876 ιο

130 1935 198 1976 των
232 1906 273 1997 δὴ
306 1913 374 1979 τῶν
406 1913 651 1999 θρυλουμένων
683 1906 889 1996 ἀνηκέστων·
922 1907 1087 2000 χορευτήν
1114 1936 1150 1979 τε

130 2010 244 2084 αὑτῶν
282 2015 480 2105 ἐποιήσαντο
517 2019 573 2086 καί
611 2018 803 2102 συνέστιον,
835 2018 891 2085 καί
924 2013 1016 2107 αύτῷ
1053 2018 1149 2098 κλέος

95 2119 211 2192 (ῖκαθ’
246 2120 394 2204 ἅπαντας
425 2121 563 2212 ἤγειραν
595 2120 807 2212 ἀνθρώπους.
854 2126 957 2191 ταῦτα
986 2120 1050 2209 έγῶ
1079 2125 1150 2191 τῶν

132 2232 251 2315 σοφῶν
283 2226 395 2299 ἀκούω
432 2229 604 2317 πολλάκις,
640 2234 700 2300 καί
732 2256 772 2316 με
810 2224 827 2297 ό
866 2229 965 2316 λόγος
1003 2232 1150 2319 ἰσχυρῶς

131 2342 249 2403 πείθει.
296 2333 423 2406 οὐκοῦν
454 2337 510 2405 καὶ
543 2339 576 2418 ές
608 2331 695 2425 ὑμᾶς
726 2333 831 2405 αὐτὸν
859 2337 1053 2423 διεξῆλθον,
1085 2363 1149 2424 μα·
1163 2368 1186 2411 εο

130 2441 270 2532 πρότερα
302 2442 363 2530 μὲν
395 2441 499 2531 τυχὸν
532 2453 611 2524 ἰσως
647 2445 708 2512 τοῦ
745 2445 865 2532 καιροῦ
902 2441 1149 2530 φθεγγόμενος,

131 2548 290 2616 έλάττονα
324 2548 360 2616 δὲ
393 2547 485 2636 οἶμαι
517 2552 574 2637 τῆς
606 2544 812 2630 ὑποθέσεως·
845 2551 901 2618 καὶ
928 2545 994 2639 ὅτῳ
1028 2551 1149 2637 γέγονε

130 2657 199 2721 τῶν
239 2654 403 2724 τοιούτων
439 2655 549 2741 λόγων
590 2656 767 2726 ἐπακούειν
803 2658 840 2724 ἐν
878 2659 1051 2746 φροντίδι,
1090 2645 1148 2724 οῦ-

131 2787 187 2841 τος
225 2758 276 2829 ὅτι
314 2759 357 2852 μὴ
395 2762 562 2850 ψεύδομαι
600 2766 716 2850 σαφῶς
753 2764 931 2831 ἐπίσταται.
982 2762 1077 2851 ἑτέρα
1111 2763 1152 2830 δέ

201 3023 214 3068 1
236 3011 304 3072 οὔτε
323 3014 412 3087 ἀργὸν
435 3014 503 3074 οότε
522 3012 655 3080 αόθαδες
674 3019 743 3087 VM]
770 3014 840 3074 οῦδὲ
860 3012 994 3080 αῦθαδες
1062 3024 1080 3072 4
1098 3020 1149 3073 καὶ

131 3084 167 3154 V]
192 3078 211 3152 ἢ
280 3090 355 3141 5-7
374 3082 592 3154 οἰκοδομήματα
611 3115 643 3125 -
661 3081 798 3149 ἐάσαντες
822 3091 868 3146 cit,
898 3088 997 3140 Suidas
1014 3105 1040 3141 v.
1070 3085 1150 3141 οἰκο-

134 3151 289 3221 δομήματα
312 3156 341 3208 et
362 3173 388 3206 v.
407 3154 530 3222 ψεκτέος
599 3159 614 3206 6
637 3153 686 3207 καὶ
710 3158 875 3216 πολυτελεῖς
898 3174 951 3210 om.
970 3156 1045 3207 Suid.
1116 3159 1148 3208 11

132 3217 216 3290 οὐδὲ]
242 3215 309 3276 οὔτε
327 3225 352 3275 V
422 3228 453 3275 14
476 3224 532 3276 τῶν
551 3216 716 3287 ἀνθρώπων
733 3225 759 3276 V
828 3229 860 3277 15
886 3218 918 3276 τδ
939 3216 1030 3291 χρεῶν
1047 3221 1085 3291 V]
1107 3219 1148 3292 τῷ

132 3284 223 3357 χρεῶν
250 3289 254 3354 λ
281 3295 447 3355 περιπεσεῖν
480 3291 649 3360 περιβαλεῖν
671 3292 738 3344 Rsk.
821 3295 853 3342 16
875 3285 1085 3358 θρυλουμένων
1106 3288 1147 3372 H]

131 3353 358 3424 θρυλλονμὲνων
384 3360 388 3426 Ι
415 3377 445 3412 τε
480 3377 547 3412 τινα
568 3361 598 3411 Μ
667 3363 698 3410 17
721 3351 817 3413 αῦτῶν
834 3358 873 3426 H]
894 3353 992 3413 αὐτῶν
1018 3359 1023 3425 Ι
1049 3352 1151 3426 ἐποιη-

132 3441 220 3478 σαντο
237 3425 273 3494 V]
293 3443 323 3480 τε
343 3419 514 3495 ἐποιήσαντο
583 3430 616 3479 20
640 3421 804 3493 μανότερα
821 3426 858 3495 Η]
876 3421 1054 3494 μακρότερον
1115 3430 1148 3480 21

131 3488 219 3621 ρργχδν
243 3496 305 3576 εδδ,
326 3497 351 3545 V
419 3499 452 3546 ⁶22
476 3489 616 3548 έλοίττονα
639 3445 720 3563 ΒεΙιῦ]
746 3491 866 3547 έλαττον
934 3498 967 3547 23
991 3487 1150 3549 ἐπακούειν

185 3579 345 3616 νπακονειν
