2392 3960
340 168 598 221 εαεουεανυα
615 168 830 221 Εειονοτιε.
1034 167 1098 231 375

349 294 432 385 πρὸς
458 293 523 386 γὰρ
551 295 636 377 Διός
662 301 748 365 είσιν
777 293 919 377 ἀπαντες

163 407 301 490 Πτωχοί
314 429 349 470 τε
368 404 474 483 ξεῖνοί
488 423 535 471 τε·
563 402 657 482 δόσις
676 398 708 472 δ’
729 398 825 489 ὀλίγη
843 428 879 470 τε
897 407 978 489 φίλη
997 429 1047 484 τες

83 547 154 625 πῶς
183 543 221 612 δὲ
248 539 265 612 6
294 541 353 612 τὸν
377 539 559 634 Ἑταίρειον
577 543 777 632 θεραπεύων
795 550 876 631 Δία,
904 540 995 633 ὁρῶν
1017 543 1132 626 τοὺςῦ

83 653 185 730 πέλας
222 652 345 730 ἐνδεεῖς
380 651 571 739 χρημάτων,
609 649 679 719 εἶτα
716 647 795 738 μηδ’
830 647 914 719 ὅσον
951 653 1098 740 δραχμῆς

57 755 293 844 σμεταδιδοός,
322 765 425 824 οίεται
451 753 512 824 τόν
540 761 609 824 Δία
636 759 745 836 καλῶς
771 755 987 844 δεραπεόειν;
1016 753 1098 825 ὅταν

84 868 132 943 είς
159 865 264 930 ταῦτα
291 858 410 949 ἀπίδω,
437 866 606 943 παντελῶς
625 859 750 950 ἀχανὴς
777 867 923 949 γίνομαι,
950 860 1009 942 τὰς
1036 861 1097 949 μὲν

85 971 276 1055 ἐπωνυμίας
306 970 374 1036 τῶν
404 971 498 1038 θεῶν
530 966 597 1056 ἅμα
627 971 674 1060 τῷ
706 968 819 1061 κόσμῳ
851 971 897 1060 τῶ
930 969 962 1049 ἐξ
995 965 1098 1056 ἀρχῆς
1189 968 1191 972 ’

85 1072 196 1162 ῶσπερ
233 1073 364 1154 εἰκόνας
395 1072 544 1164 γραπτὰς
580 1070 685 1163 δρῶν,
718 1079 803 1166 ἔργω
837 1073 874 1142 δὲ
906 1069 967 1161 ὑφ’
1002 1069 1098 1161 ἡμῶν

85 1177 188 1248 οὐδὲν
224 1183 380 1249 τοιοῦτον
413 1180 701 1268 ἐπιτηδευόμενον.
752 1176 907 1268 δμόγνιοι
943 1182 1097 1266 λε’γονται
1116 1197 1142 1250 D

47 1317 71 1355 10
84 1282 164 1373 παρ’
195 1281 276 1374 ἡμῖν
292 1287 369 1354 θεολ
397 1287 452 1355 καὶ
472 1285 556 1368 Ζεὺς
583 1282 751 1374 ὁμόγνιος,
779 1292 898 1375 ἔχομεν
921 1285 958 1355 δὲ
986 1282 1097 1376 ῶσπερ
1123 1302 1125 1305 ’

83 1390 169 1478 πρὸς
196 1389 391 1480 ἀλλοτρίους
418 1390 497 1473 τοὺς
525 1407 711 1479 συγγενεῖς·
739 1390 919 1481 ἅνθρωπος
946 1390 1010 1482 γάρ
1039 1389 1097 1461 ἀν-

83 1497 211 1588 θρῶπςο
240 1499 295 1565 καί
323 1495 409 1566 ἑνῶν
436 1500 492 1567 καί
520 1496 613 1567 όντων
639 1501 703 1580 πῶς
730 1501 799 1567 ἐστι
827 1498 1004 1587 συγγενής,
1032 1507 1097 1567 είτε

86 1602 196 1692 [γάρ],
224 1602 375 1693 καθάπερ
403 1606 531 1690 λέγεται
558 1605 649 1694 παρά
676 1615 793 1692 τινων,”
818 1606 851 1686 ἐξ
880 1604 954 1685 ἑνός
980 1631 1015 1672 τε
1042 1605 1099 1673 καὶ

84 1712 161 1796 μιᾶς
180 1709 365 1797 γεγόναμεν
383 1710 514 1797 πάντες,
542 1707 612 1780 είδ’
644 1706 802 1780 ὁπωσοῦν
822 1707 939 1797 ἀλλως,
963 1707 1099 1800 ἀθρόως

47 1843 71 1884 15
85 1812 349 1902 ὑποστησάντων
381 1811 467 1904 ἡμᾶς
498 1819 567 1884 τῶν
599 1819 692 1884 θεῶν
724 1814 792 1903 ἀμα
822 1819 868 1907 τῷ
905 1815 1019 1909 κόσμῳ
1052 1819 1098 1908 τῶ

84 1923 117 2003 ἐξ
146 1918 257 2010 ἀρχῆς,
286 1917 347 2009 οὐχ
375 1924 434 1990 ἕνα
462 1923 517 1991 καὶ
534 1927 640 2010 μίαν,
668 1919 751 1991 ἀλλά
778 1920 922 2002 πολλοὺς
949 1919 1016 2010 ἀμα
1043 1922 1098 1990 καί

83 2028 216 2108 πολλός.
267 2032 302 2095 οί
331 2026 395 2116 γὰρ
427 2030 487 2096 ἕνα
519 2029 574 2095 καὶ
606 2034 687 2115 μίαν
723 2030 928 2115 δυνηθέντες
965 2021 1035 2096 οἶοί
1058 2049 1151 2098 τενυυ

83 2125 172 2221 ἦσαν
209 2130 276 2220 ἅμα
313 2134 369 2201 καὶ
405 2131 549 2215 πολλοὺς
589 2135 646 2203 καὶ
681 2133 813 2214 πολλός.
862 2134 919 2201 καὶ
960 2131 1024 2226 γὰρ
1057 2129 1098 2202 δν

83 2240 210 2329 τρόπον
237 2239 297 2307 τόν
324 2266 358 2308 τε
386 2242 445 2308 ἕνα
470 2242 528 2312 ναὶ
546 2237 608 2328 τὴν
635 2246 726 2328 μίαν,
753 2237 813 2308 τὸν
841 2235 945 2307 αὐτὸν
972 2239 1098 2328 τρόπον
1166 2235 1183 2311 s

47 2375 71 2415 νο
84 2343 165 2425 τοὺς
192 2345 335 2426 πολλούς
362 2372 396 2414 τε
423 2347 480 2414 καὶ
505 2343 564 2426 τὰς
591 2345 723 2426 πολλός.
769 2353 816 2425 είς
842 2371 877 2412 τε
910 2341 947 2413 τὸ
977 2345 1097 2432 διάφο-
1168 2403 1171 2406 .

86 2478 147 2539 ρον
175 2448 412 2538 ἀποβλέψαντα
438 2454 507 2520 τῶν
524 2449 622 2539 ἠθῶν
648 2453 705 2520 καὶ
722 2453 790 2519 τῶν
818 2449 943 2538 νόμων,
967 2448 1013 2519 ,οὐ
1031 2448 1099 2539 μὴν

86 2555 169 2625 ἀλλά
196 2559 251 2626 καὶ
270 2555 351 2647 ὅπερ
380 2559 449 2626 ἐστὶ
467 2565 578 2646 μεῖζον
605 2558 661 2626 καὶ
679 2556 875 2646 τιμιῶτερον
901 2557 958 2626 καὶ
976 2556 1097 2647 κυριω-

85 2691 193 2752 τερον,
221 2669 270 2744 είς
295 2661 357 2751 τὴν
384 2667 452 2733 τῶν
473 2666 566 2733 θεῶν
594 2663 720 2752 φήμην,
749 2660 768 2751 ἢ
796 2663 1022 2753 παραδέδοται
1042 2660 1099 2732 διδι

84 2773 154 2837 τῶν
181 2766 329 2858 ἀρχαίων
360 2766 441 2859 ἡμῖν
472 2773 661 2859 δεουργῶν,
689 2766 745 2857 ῶς,
773 2766 826 2838 ὅτε
854 2767 939 2850 Ζεὺς
966 2769 1140 2858 ἐνόσμειΒ
1174 2796 1179 2805 ·

46 2905 71 2945 25
84 2874 124 2943 τά
154 2871 272 2962 πάντα,
301 2875 476 2962 σιαγόνων
494 2880 632 2964 αἵματος
656 2878 749 2965 ίεροῶ
776 2877 965 2962 πεσονσῶν,
993 2877 1025 2957 ἐξ
1050 2867 1098 2943 ῶν

172 3130 307 3196 lOdyss
326 3130 352 3193 ζ,
371 3132 420 3180 207
507 3123 632 3181 3οτον
650 3120 730 3208 V]
713 3144 784 3180 οταν
816 3127 821 3192 1
853 3120 1096 3207 εταιρεῖονθοο]

85 3190 214 3262 εταίριον
269 3196 435 3264 4δραγμῆς
453 3198 477 3246 V
534 3187 599 3249 δῶ.
610 3190 675 3277 ,νὴς
693 3202 748 3262 pet
818 3199 850 3248 13
867 3212 922 3264 γαρ
940 3212 1100 3262 expungen-

87 3267 150 3314 dum
176 3266 287 3316 videtur
373 3268 439 3330 18,
443 3266 523 3324 ,Post
549 3258 657 3324 πολλὰς
684 3265 779 3315 deesse
801 3264 910 3315 videtur
936 3267 1032 3315 ποιεῖν
1054 3263 1099 3314 vel

85 3328 196 3397 ότοστη
186 3332 267 3384 σαι.ι
270 3333 363 3384 ‘.Rsk
435 3335 466 3383 19
484 3326 584 3384 τόντε
602 3332 674 3382 Het
693 3331 772 3391 006]
790 3325 856 3383 τότε
924 3327 1100 3388 2οπολλοός

85 3418 116 3452 τε
134 3398 168 3465 V]
179 3351 311 3459 πολλοὺς
343 3400 388 3465 Ι,
390 3401 470 3464 ,Post
491 3392 600 3457 πολλάς
618 3399 714 3450 deesse
738 3398 845 3450 videtur
866 3391 919 3465 χρὴ
937 3390 1099 3476 ὑπολαβεῖν

85 3467 293 3534 γεγενῆσθαι.16
315 3469 383 3519 Rsk.
470 3470 502 3516 21
518 3460 624 3560 ἠθῶν]
652 3460 775 3533 ἀγαθῶν
796 3470 853 3532 pet.
889 3464 983 3516 Malim
1008 3457 1098 3518 ἒδῶν.

86 3537 218 3600 „Mutilus
236 3536 346 3587 videtur
364 3536 410 3586 hic
428 3533 534 3587 Ιοοοε“
553 3536 614 3586 Ρε1.
