2392 3960
481 200 658 263 οααειοε.
1037 202 1079 266 59

57 325 182 414 μένειν.
221 323 371 414 ἀνθῆσαι
398 328 459 415 μἐν
487 326 550 417 γάρ
578 331 618 418 τῇ
644 328 727 417 τύχη
754 329 967 419 προσσχόντα
994 328 1078 418 πρὸς

57 428 169 521 βραχὺ
211 432 347 523 ῥηίδιον,
389 435 590 522 διαφυλάξαι
627 435 664 504 δὲ
701 433 740 503 τά
780 437 925 504 δοθέντα
963 432 1078 522 άγαθά

57 542 138 626 δίχα
166 539 363 628 φρονήσεως
390 537 432 609 οὐ
459 547 536 609 λιάν
555 539 706 628 εύκολον,
735 541 923 629 μᾶλλονδὲ
950 538 1078 610 άδύνα-

51 670 119 722 ,τον
147 653 236 726 ἴσως.
274 643 358 726 ὅλως
386 645 423 714 δὲ
451 653 482 715 εί
507 646 568 737 χρη
596 649 652 716 καὶ
679 649 754 738 περὶ
782 648 911 717 τούτων
940 648 1078 738 ἐναργὲς

27 750 198 839 ὀφράζειν
225 751 418 842 τεκμήριον,
450 757 584 822 πολλῶν
611 755 665 822 καλ
693 759 872 843 γνωρίμων
904 751 967 822 οὑκ
995 752 1076 824 άπο-

56 856 215 945 ρήσομεν.
265 854 327 945 τὴν
363 857 427 947 γάρ
465 856 648 946 εὐβουλίαν
689 855 971 947 ὑπολαμβάνομεν
1007 864 1115 929 τῶνο

54 964 134 1052 περὶ
161 960 219 1044 τάς
250 963 383 1054 πράξεις
414 962 556 1052 άγαθῶν
588 967 644 1034 καὶ
677 965 919 1054 συμφερόντων
952 968 1076 1055 ἐξευρί-

56 1088 152 1137 σκειν
179 1067 220 1137 τά
246 1070 412 1158 κράτιστα.
451 1087 590 1141 σκοπεῖν
618 1063 682 1141 οὖν
710 1069 805 1153 άξιον
833 1069 887 1158 ἐφ’
918 1067 1076 1141 ἁπάντων

56 1169 184 1260 ἅπλῶς,
218 1181 249 1244 εί
284 1175 327 1264 μὴ
359 1175 459 1246 τοῦθ’
489 1180 527 1246 ἕν
559 1180 627 1246 ε’στι
658 1181 727 1246 τῶν
760 1199 813 1247 σοι
846 1181 1075 1268 πραχθέντων.

15 1277 187 1350 θοὺκοῦν
214 1278 301 1350 ὅπου
333 1283 394 1370 μὲν
421 1276 464 1372 ἦν
496 1280 655 1371 ὁμονοίας
682 1290 790 1372 χρεία,
824 1290 950 1373 ἔχαιρες
983 1287 1075 1352 ε’λατ-

54 1387 234 1474 τούμενος,
264 1385 350 1458 ὅπου
379 1388 416 1458 δὲ
443 1406 513 1470 τοῖς
540 1406 667 1471 κοινοῖς
700 1392 801 1480 ἐχρῆν
828 1397 986 1478 βοηθεῖν,
1014 1389 1074 1460 τὸν

54 1493 203 1581 πόλεμον
235 1498 327 1565 εἵλου
358 1495 607 1586 προθυμότατα.
657 1497 712 1564 καλ
744 1499 888 1586 Περσῶν
920 1496 981 1584 μὲν
1013 1495 1075 1584 τὴν

56 1599 204 1688 δύναμιν
231 1602 545 1692 καταστρατηγήσας
573 1599 697 1670 οὐδένα
724 1606 791 1670 τῶν
820 1599 965 1671 ὁπλιτῶν
993 1600 1074 1672 άπο-

55 1703 171 1793 βαλῶν
200 1709 405 1797 διέφθειρας,
432 1707 492 1777 τὸν
520 1707 603 1798 πρὸς
626 1707 705 1790 τοὺς
732 1708 921 1797 τυράννους
950 1709 986 1778 δὲ
1013 1709 1074 1778 πό-

15 1820 158 1901 ίσλεμον
190 1811 311 1883 διελῶν
341 1817 402 1882 τοῦ
434 1815 495 1903 μὲν
528 1814 709 1903 ἐκράτησας
740 1830 812 1896 ταῖς
845 1820 1117 1904 δημηγορίαις,Ι)

53 1919 111 1987 καὶ
143 1917 206 2006 την
237 1917 308 2007 μετ’
339 1923 469 1989 ἐκείνου
502 1920 649 2008 δύναμιν
683 1918 840 2010 άκέραιον
872 1923 927 1990 καὶ
961 1925 1074 1990 κακῶν

54 2021 173 2112 άπαθῆ
209 2025 411 2113 προσλαβῶν
452 2029 718 2114 κατεπολέμησας
759 2030 886 2113 μάλλον
923 2026 979 2095 διά
1016 2031 1075 2114 της

54 2133 224 2212 συνέσεως
250 2128 270 2219 ἢ
291 2130 348 2201 διά
366 2136 425 2221 τῆς
443 2131 556 2221 ῥῶμης
582 2131 642 2201 τὸν
660 2131 831 2201 τοσούτων
849 2147 920 2213 τοῖς
947 2147 1074 2214 κοινοῖς

55 2246 167 2307 αίτιον
194 2241 389 2329 συμφορῶν.
427 2239 592 2327 βούλομαι
612 2238 649 2307 δὲ
677 2240 884 2327 σαφέστερον
902 2241 977 2328 περὶ
995 2239 1073 2307 τού-

18 2361 124 2412 ·ῖτων
151 2342 256 2413 είπῶν
274 2342 378 2414 άπασι
398 2346 513 2431 δεῖξαι,
540 2350 607 2413 τίνι
630 2345 769 2432 μάλιστα
789 2345 966 2425 πιστεύσας
986 2345 1072 2432 [καὶ]

54 2450 230 2532 τοσούτοις
262 2449 390 2520 σαυτὸν
423 2449 559 2531 ἐπιδοὺς
591 2451 783 2540 πράγμασιν
815 2448 955 2531 οὐδενὸς
988 2448 1073 2532 ὅλως

55 2556 242 2646 διήμαρτες.
294 2555 432 2626 εύνοιαν
470 2565 533 2625 οίει
574 2562 647 2625 δεῖν
683 2556 772 2647 παρά
808 2561 877 2627 τῶν
913 2553 1073 2645 ὑπηκόων
1091 2577 1126 2627 48

55 2658 218 2751 ὑπάρχειν
260 2666 305 2755 τῶ
343 2663 554 2752 βασιλεύοντι
596 2664 770 2753 ἐρυμάτων
812 2660 1073 2752 ἀσφαλέστατον.

10 2828 12 2835 .
55 2769 182 2857 ταύτην
214 2770 251 2839 δὲ
284 2770 498 2839 ἐπιτάττοντα
530 2769 591 2857 μὲν
623 2771 679 2838 καὶ
711 2770 889 2838 κελεύοντα
920 2769 1073 2859 καθάπερ

21 2873 218 2966 θείσφοράς
253 2878 309 2946 καὶ
347 2877 476 2964 φόρους
512 2876 699 2963 κτήσασθαι
736 2878 905 2956 παντελῶς
941 2873 1074 2963 άλογον.

56 2988 200 3051 λείπεται
237 2981 279 3071 δὴ
318 2983 451 3069 λοιπόν,
493 2982 645 3071 καθάπερ
687 2979 788 3062 αὐτὸς
825 2979 993 3071 ῶρμηκας,
1034 2980 1072 3055 τὸ

142 3170 156 3217 1
180 3158 362 3234 προσσχόντα
386 3165 507 3224 Sohaef.]
537 3155 699 3232 προοχύντα
773 3168 788 3217 3
811 3167 899 3284 Ψγῖῖ.
919 3167 1074 3230 suspicatur

57 3234 232 3285 scribendum
257 3251 319 3286 εεεε
348 3232 458 3300 μᾶλλον
482 3227 515 3285 δὲ
543 3223 616 3292 ὅλως
638 3225 796 3289 άδύυατον.
832 3249 844 3284 ε
881 3228 915 3284 δὲ
938 3227 991 3299 χρὴ
1014 3235 1074 3288 κτλ.

57 3295 203 3353 4τούτων
220 3301 259 3368 V]
285 3297 395 3354 τούτων
412 3300 469 3352 τῶν
538 3297 622 3353 θοοὶ
646 3302 674 3351 Μ
744 3303 775 3350 12
799 3298 866 3352 είλω
883 3301 915 3354 V.
948 3300 1074 3379 θεήλατος

59 3368 121 3419 dum
138 3359 268 3421 άνείλου.
299 3370 425 3424 cmm)
444 3370 614 3421 95A323D
673 3371 705 3418 14
722 3361 790 3427 τούς
808 3370 902 3420 om.V
959 3370 991 3417 16
1009 3383 1061 3432 μετ

58 3427 170 3489 ἐκείνου
188 3435 262 3503 VM]
285 3431 341 3502 μὲν
358 3429 474 3488 ἐκείνου
544 3439 576 3487 17
598 3435 706 3504 μᾶλλον
731 3428 783 3486 διὰ
801 3453 826 3487 τ.
846 3450 907 3487 συν.
925 3433 959 3500 V]
979 3428 1030 3485 διά
1049 3451 1073 3485 τ.

59 3517 118 3555 συν.
132 3501 249 3585 μᾶλλον
316 3507 351 3556 20
367 3501 417 3556 καλ
436 3505 550 3556 inclusit
569 3505 596 3554 H
658 3506 691 3554 22
709 3497 789 3570 παρὰ
807 3500 874 3567 τῶν]
893 3494 1031 3568 παράγων
1049 3504 1074 3555 V

58 3572 89 3622 λδ
107 3570 145 3639 δη
164 3570 236 3640 VM]
257 3567 291 3624 δὲ
316 3572 321 3637 1
347 3565 392 3639 τὸ]
411 3568 449 3623 τῶ
466 3572 492 3623 V
