<?xml version="1.0" encoding="UTF-8"?>
<!DOCTYPE html PUBLIC "-//W3C//DTD XHTML 1.0 Transitional//EN"
    "http://www.w3.org/TR/xhtml1/DTD/xhtml1-transitional.dtd">
<html xmlns="http://www.w3.org/1999/xhtml" xml:lang="en" lang="en">
 <head>
  <title>
</title>
<meta http-equiv="Content-Type" content="text/html;charset=utf-8" />
  <meta name='ocr-system' content='tesseract 3.04.00' />
  <meta name='ocr-capabilities' content='ocr_page ocr_carea ocr_par ocr_line ocrx_word'/>
</head>
<body>
  <div class='ocr_page' id='page_1' title='image "./iulianiimperato00juligoog_0191.png"; bbox 0 0 2392 3960; ppageno 0'>
   <div class='ocr_carea' id='block_1_1' title="bbox 497 170 1114 237">
    <p class='ocr_par' dir='ltr' id='par_1_1' title="bbox 497 170 1114 237">
     <span class='ocr_line' id='line_1_1' title="bbox 497 170 1114 237; baseline -0.005 -16"><span class='ocrx_word' id='word_1_1' title='bbox 497 170 629 221; x_wconf 75' lang='grc' dir='ltr'><strong><em>οεετιο</em></strong></span> <span class='ocrx_word' id='word_1_2' title='bbox 649 172 694 226; x_wconf 84' lang='lat' dir='ltr'><strong><em>IV.</em></strong></span> <span class='ocrx_word' id='word_1_3' title='bbox 1042 173 1114 237; x_wconf 82' lang='lat'>179.</span> 
     </span>
    </p>
   </div>
   <div class='ocr_carea' id='block_1_2' title="bbox 43 294 1150 3255">
    <p class='ocr_par' dir='ltr' id='par_1_2' title="bbox 43 294 1150 3255">
     <span class='ocr_line' id='line_1_2' title="bbox 86 294 1139 388; baseline 0.003 -22"><span class='ocrx_word' id='word_1_4' title='bbox 86 299 188 366; x_wconf 77' lang='grc' dir='ltr'><strong><em>παντὶ</em></strong></span> <span class='ocrx_word' id='word_1_5' title='bbox 215 296 277 386; x_wconf 84' lang='grc' dir='ltr'><strong><em>τήν</em></strong></span> <span class='ocrx_word' id='word_1_6' title='bbox 304 299 461 366; x_wconf 80' lang='grc' dir='ltr'><strong><em>ἐναντίαν</em></strong></span> <span class='ocrx_word' id='word_1_7' title='bbox 489 298 708 386; x_wconf 81' lang='grc' dir='ltr'><strong><em>φερομένους·</em></strong></span> <span class='ocrx_word' id='word_1_8' title='bbox 738 294 755 366; x_wconf 86' lang='grc' dir='ltr'><strong><em>δ</em></strong></span> <span class='ocrx_word' id='word_1_9' title='bbox 784 297 826 386; x_wconf 82' lang='grc' dir='ltr'><strong><em>δὴ</em></strong></span> <span class='ocrx_word' id='word_1_10' title='bbox 852 301 907 368; x_wconf 81' lang='grc' dir='ltr'><strong><em>καὶ</em></strong></span> <span class='ocrx_word' id='word_1_11' title='bbox 936 298 1017 369; x_wconf 82' lang='grc' dir='ltr'><strong><em>αὐτὸ</em></strong></span> <span class='ocrx_word' id='word_1_12' title='bbox 1045 305 1139 388; x_wconf 84' lang='grc' dir='ltr'><strong><em>τήςΒ</em></strong></span> 
     </span>
     <span class='ocr_line' id='line_1_3' title="bbox 85 399 1105 493; baseline 0.003 -21"><span class='ocrx_word' id='word_1_13' title='bbox 85 400 172 492; x_wconf 85' lang='grc' dir='ltr'><strong><em>πρὸς</em></strong></span> <span class='ocrx_word' id='word_1_14' title='bbox 199 402 280 484; x_wconf 83' lang='grc' dir='ltr'><strong><em>τοὺς</em></strong></span> <span class='ocrx_word' id='word_1_15' title='bbox 314 401 435 484; x_wconf 78' lang='grc' dir='ltr'><strong><em>ἄλλους</em></strong></span> <span class='ocrx_word' id='word_1_16' title='bbox 466 399 631 493; x_wconf 79' lang='grc' dir='ltr'><em>ὑπεροχῆς</em></span> <span class='ocrx_word' id='word_1_17' title='bbox 663 401 769 472; x_wconf 82' lang='grc' dir='ltr'><strong><em>αὐτοῦ</em></strong></span> <span class='ocrx_word' id='word_1_18' title='bbox 797 419 934 493; x_wconf 79' lang='grc' dir='ltr'><strong><em>σημεῖον</em></strong></span> <span class='ocrx_word' id='word_1_19' title='bbox 962 423 1105 475; x_wconf 82' lang='grc' dir='ltr'><strong><em>ποιεῖται</em></strong></span> 
     </span>
     <span class='ocr_line' id='line_1_4' title="bbox 86 506 1104 600; baseline 0.003 -22"><span class='ocrx_word' id='word_1_20' title='bbox 86 506 105 578; x_wconf 87' lang='grc' dir='ltr'>ὁ</span> <span class='ocrx_word' id='word_1_21' title='bbox 139 508 271 590; x_wconf 88' lang='grc' dir='ltr'><strong><em>κλεινὸς</em></strong></span> <span class='ocrx_word' id='word_1_22' title='bbox 300 507 535 599; x_wconf 79' lang='grc' dir='ltr'><strong><em>Ἀριστοτέλης·</em></strong></span> <span class='ocrx_word' id='word_1_23' title='bbox 569 507 652 578; x_wconf 83' lang='grc' dir='ltr'><strong><em>ἀλλὰ</em></strong></span> <span class='ocrx_word' id='word_1_24' title='bbox 683 512 739 578; x_wconf 82' lang='grc' dir='ltr'><strong><em>καὶ</em></strong></span> <span class='ocrx_word' id='word_1_25' title='bbox 770 508 861 600; x_wconf 82' lang='grc' dir='ltr'><strong><em>παρὰ</em></strong></span> <span class='ocrx_word' id='word_1_26' title='bbox 893 515 960 580; x_wconf 86' lang='grc' dir='ltr'><strong><em>τῶν</em></strong></span> <span class='ocrx_word' id='word_1_27' title='bbox 994 511 1104 581; x_wconf 81' lang='grc' dir='ltr'><strong><em>ἀλλων</em></strong></span> 
     </span>
     <span class='ocr_line' id='line_1_5' title="bbox 85 613 1103 707; baseline 0.003 -22"><span class='ocrx_word' id='word_1_28' title='bbox 85 619 218 706; x_wconf 85' lang='grc' dir='ltr'><strong><em>νοερῶν</em></strong></span> <span class='ocrx_word' id='word_1_29' title='bbox 235 619 329 685; x_wconf 88' lang='grc' dir='ltr'><strong><em>θεῶν</em></strong></span> <span class='ocrx_word' id='word_1_30' title='bbox 348 613 411 684; x_wconf 82' lang='grc' dir='ltr'><strong><em>οὐκ</em></strong></span> <span class='ocrx_word' id='word_1_31' title='bbox 435 613 583 704; x_wconf 76' lang='grc' dir='ltr'><em>ἀμυδραὶ</em></span> <span class='ocrx_word' id='word_1_32' title='bbox 602 616 812 704; x_wconf 78' lang='grc' dir='ltr'><strong><em>καθήκουσιν</em></strong></span> <span class='ocrx_word' id='word_1_33' title='bbox 832 624 879 699; x_wconf 88' lang='grc' dir='ltr'><strong><em>είς</em></strong></span> <span class='ocrx_word' id='word_1_34' title='bbox 897 617 957 687; x_wconf 89' lang='grc' dir='ltr'><strong><em>τὸν</em></strong></span> <span class='ocrx_word' id='word_1_35' title='bbox 976 619 1103 707; x_wconf 83' lang='grc' dir='ltr'><strong><em>κόσμον</em></strong></span> 
     </span>
     <span class='ocr_line' id='line_1_6' title="bbox 56 714 1104 814; baseline 0.009 -28"><span class='ocrx_word' id='word_1_36' title='bbox 56 714 187 791; x_wconf 81' lang='grc' dir='ltr'><strong><em>ετόνδε</em></strong></span> <span class='ocrx_word' id='word_1_37' title='bbox 215 723 381 811; x_wconf 86' lang='grc' dir='ltr'><strong><em>δυνάμεις.</em></strong></span> <span class='ocrx_word' id='word_1_38' title='bbox 427 720 496 790; x_wconf 79' lang='grc' dir='ltr'><strong><em>εἶτα</em></strong></span> <span class='ocrx_word' id='word_1_39' title='bbox 518 728 554 789; x_wconf 92' lang='grc' dir='ltr'><strong><em>τί</em></strong></span> <span class='ocrx_word' id='word_1_40' title='bbox 577 725 693 804; x_wconf 85' lang='grc' dir='ltr'><strong><em>τοῦτο;</em></strong></span> <span class='ocrx_word' id='word_1_41' title='bbox 721 722 765 810; x_wconf 87' lang='grc' dir='ltr'><strong><em>μή</em></strong></span> <span class='ocrx_word' id='word_1_42' title='bbox 793 722 856 813; x_wconf 81' lang='grc' dir='ltr'><strong><em>χάρ</em></strong></span> <span class='ocrx_word' id='word_1_43' title='bbox 885 721 1104 814; x_wconf 88' lang='grc' dir='ltr'><strong><em>ἀποκλείομεν</em></strong></span> 
     </span>
     <span class='ocr_line' id='line_1_7' title="bbox 85 824 1100 921; baseline 0.003 -24"><span class='ocrx_word' id='word_1_44' title='bbox 85 826 167 909; x_wconf 78' lang='grc' dir='ltr'><strong><em>τοὺς</em></strong></span> <span class='ocrx_word' id='word_1_45' title='bbox 187 826 308 910; x_wconf 83' lang='grc' dir='ltr'><strong><em>ἀλλους</em></strong></span> <span class='ocrx_word' id='word_1_46' title='bbox 326 828 432 921; x_wconf 78' lang='grc' dir='ltr'><strong><em>τούτῳ</em></strong></span> <span class='ocrx_word' id='word_1_47' title='bbox 452 826 513 916; x_wconf 86' lang='grc' dir='ltr'><strong><em>τήν</em></strong></span> <span class='ocrx_word' id='word_1_48' title='bbox 532 824 716 915; x_wconf 80' lang='grc' dir='ltr'><strong><em>ήχεμονίαν</em></strong></span> <span class='ocrx_word' id='word_1_49' title='bbox 736 825 978 917; x_wconf 77' lang='grc' dir='ltr'><strong><em>ὁμολογοῦντες</em></strong></span> <span class='ocrx_word' id='word_1_50' title='bbox 1006 832 1100 900; x_wconf 89' lang='grc' dir='ltr'><strong><em>δεδό-</em></strong></span> 
     </span>
     <span class='ocr_line' id='line_1_8' title="bbox 87 933 1101 1028; baseline 0.003 -25"><span class='ocrx_word' id='word_1_51' title='bbox 87 944 186 1017; x_wconf 89' lang='grc' dir='ltr'><strong><em>σθαι;</em></strong></span> <span class='ocrx_word' id='word_1_52' title='bbox 213 934 300 1003; x_wconf 83' lang='grc' dir='ltr'><strong><em>πολὺ</em></strong></span> <span class='ocrx_word' id='word_1_53' title='bbox 329 933 365 1004; x_wconf 74' lang='grc' dir='ltr'><strong><em>δέ</em></strong></span> <span class='ocrx_word' id='word_1_54' title='bbox 384 936 485 1004; x_wconf 80' lang='grc' dir='ltr'><strong><em>πλέον</em></strong></span> <span class='ocrx_word' id='word_1_55' title='bbox 513 937 548 1002; x_wconf 87' lang='grc' dir='ltr'><strong><em>έκ</em></strong></span> <span class='ocrx_word' id='word_1_56' title='bbox 566 938 634 1002; x_wconf 90' lang='grc' dir='ltr'><strong><em>τῶν</em></strong></span> <span class='ocrx_word' id='word_1_57' title='bbox 662 937 821 1023; x_wconf 76' lang='grc' dir='ltr'><strong><em>ἐμφανῶν</em></strong></span> <span class='ocrx_word' id='word_1_58' title='bbox 840 933 998 1025; x_wconf 79' lang='grc' dir='ltr'><strong><em>ἀξιοῦμεν</em></strong></span> <span class='ocrx_word' id='word_1_59' title='bbox 1016 933 1101 1028; x_wconf 75' lang='grc' dir='ltr'><strong><em>ὑπὲρ</em></strong></span> 
     </span>
     <span class='ocr_line' id='line_1_9' title="bbox 86 1038 1101 1131; baseline 0.003 -23"><span class='ocrx_word' id='word_1_60' title='bbox 86 1043 156 1109; x_wconf 87' lang='grc' dir='ltr'><strong><em>τῶν</em></strong></span> <span class='ocrx_word' id='word_1_61' title='bbox 184 1038 326 1128; x_wconf 86' lang='grc' dir='ltr'><strong><em>ἀφανῶν</em></strong></span> <span class='ocrx_word' id='word_1_62' title='bbox 352 1041 528 1110; x_wconf 85' lang='grc' dir='ltr'><strong><em>πιστεύειν.</em></strong></span> <span class='ocrx_word' id='word_1_63' title='bbox 570 1038 679 1130; x_wconf 83' lang='grc' dir='ltr'><strong><em>ῶσπερ</em></strong></span> <span class='ocrx_word' id='word_1_64' title='bbox 708 1039 770 1130; x_wconf 81' lang='grc' dir='ltr'><strong><em>χάρ</em></strong></span> <span class='ocrx_word' id='word_1_65' title='bbox 799 1040 857 1122; x_wconf 80' lang='grc' dir='ltr'><strong><em>τὰς</em></strong></span> <span class='ocrx_word' id='word_1_66' title='bbox 883 1045 1101 1131; x_wconf 87' lang='grc' dir='ltr'><strong><em>ένδιδομένας</em></strong></span> 
     </span>
     <span class='ocr_line' id='line_1_10' title="bbox 86 1140 1136 1236; baseline 0.003 -21"><span class='ocrx_word' id='word_1_67' title='bbox 86 1144 212 1216; x_wconf 80' lang='grc' dir='ltr'><strong><em>ἀπασιν</em></strong></span> <span class='ocrx_word' id='word_1_68' title='bbox 241 1150 371 1216; x_wconf 74' lang='grc' dir='ltr'><strong><em>ε’κελθεν</em></strong></span> <span class='ocrx_word' id='word_1_69' title='bbox 390 1146 549 1234; x_wconf 80' lang='grc' dir='ltr'><strong><em>δυνάμεις</em></strong></span> <span class='ocrx_word' id='word_1_70' title='bbox 577 1153 624 1228; x_wconf 90' lang='grc' dir='ltr'><strong><em>είς</em></strong></span> <span class='ocrx_word' id='word_1_71' title='bbox 647 1145 708 1235; x_wconf 88' lang='grc' dir='ltr'><strong><em>τήν</em></strong></span> <span class='ocrx_word' id='word_1_72' title='bbox 727 1151 791 1235; x_wconf 80' lang='grc' dir='ltr'><strong><em>χήν</em></strong></span> <span class='ocrx_word' id='word_1_73' title='bbox 819 1140 917 1229; x_wconf 82' lang='grc' dir='ltr'><strong><em>οὗτος</em></strong></span> <span class='ocrx_word' id='word_1_74' title='bbox 945 1157 1136 1236; x_wconf 83' lang='grc' dir='ltr'><strong><em>φαίνεταιΟ</em></strong></span> 
     </span>
     <span class='ocr_line' id='line_1_11' title="bbox 43 1253 1100 1343; baseline 0.003 -22"><span class='ocrx_word' id='word_1_75' title='bbox 43 1282 71 1321; x_wconf 87' lang='grc' dir='ltr'><strong><em>ιο</em></strong></span> <span class='ocrx_word' id='word_1_76' title='bbox 85 1256 329 1343; x_wconf 81' lang='grc' dir='ltr'><strong><em>τελεσιουρχῶν</em></strong></span> <span class='ocrx_word' id='word_1_77' title='bbox 352 1255 407 1323; x_wconf 84' lang='grc' dir='ltr'><strong><em>καὶ</em></strong></span> <span class='ocrx_word' id='word_1_78' title='bbox 427 1254 645 1342; x_wconf 76' lang='grc' dir='ltr'><strong><em>συναρμόζων</em></strong></span> <span class='ocrx_word' id='word_1_79' title='bbox 663 1253 746 1342; x_wconf 91' lang='grc' dir='ltr'><strong><em>πρός</em></strong></span> <span class='ocrx_word' id='word_1_80' title='bbox 773 1281 807 1322; x_wconf 89' lang='grc' dir='ltr'><strong><em>τε</em></strong></span> <span class='ocrx_word' id='word_1_81' title='bbox 836 1254 956 1324; x_wconf 86' lang='grc' dir='ltr'><strong><em>ἑαυτὸν</em></strong></span> <span class='ocrx_word' id='word_1_82' title='bbox 984 1259 1039 1324; x_wconf 82' lang='grc' dir='ltr'><strong><em>καὶ</em></strong></span> <span class='ocrx_word' id='word_1_83' title='bbox 1063 1256 1100 1325; x_wconf 88' lang='grc' dir='ltr'><strong><em>τὸ</em></strong></span> 
     </span>
     <span class='ocr_line' id='line_1_12' title="bbox 85 1357 1100 1448; baseline 0.003 -20"><span class='ocrx_word' id='word_1_84' title='bbox 85 1362 169 1446; x_wconf 79' lang='grc' dir='ltr'><strong><em>πᾶν,</em></strong></span> <span class='ocrx_word' id='word_1_85' title='bbox 203 1357 291 1429; x_wconf 76' lang='grc' dir='ltr'><strong><em>οὕτω</em></strong></span> <span class='ocrx_word' id='word_1_86' title='bbox 320 1359 361 1447; x_wconf 88' lang='grc' dir='ltr'><strong><em>δή</em></strong></span> <span class='ocrx_word' id='word_1_87' title='bbox 394 1361 571 1447; x_wconf 81' lang='grc' dir='ltr'><strong><em>νομιστέον</em></strong></span> <span class='ocrx_word' id='word_1_88' title='bbox 598 1361 654 1428; x_wconf 85' lang='grc' dir='ltr'><strong><em>καὶ</em></strong></span> <span class='ocrx_word' id='word_1_89' title='bbox 681 1362 718 1427; x_wconf 83' lang='grc' dir='ltr'><strong><em>ἐν</em></strong></span> <span class='ocrx_word' id='word_1_90' title='bbox 750 1374 820 1440; x_wconf 79' lang='grc' dir='ltr'><strong><em>τοῖς</em></strong></span> <span class='ocrx_word' id='word_1_91' title='bbox 847 1358 1012 1448; x_wconf 78' lang='grc' dir='ltr'><strong><em>ἀφανέσιν</em></strong></span> <span class='ocrx_word' id='word_1_92' title='bbox 1040 1360 1100 1431; x_wconf 83' lang='grc' dir='ltr'><strong><em>αὐ-</em></strong></span> 
     </span>
     <span class='ocr_line' id='line_1_13' title="bbox 85 1463 1101 1556; baseline 0.005 -24"><span class='ocrx_word' id='word_1_93' title='bbox 85 1469 155 1533; x_wconf 87' lang='grc' dir='ltr'><strong><em>τῶν</em></strong></span> <span class='ocrx_word' id='word_1_94' title='bbox 181 1464 240 1547; x_wconf 79' lang='grc' dir='ltr'><strong><em>τὰς</em></strong></span> <span class='ocrx_word' id='word_1_95' title='bbox 267 1473 450 1547; x_wconf 84' lang='grc' dir='ltr'><strong><em>συνουσίας</em></strong></span> <span class='ocrx_word' id='word_1_96' title='bbox 478 1472 564 1554; x_wconf 88' lang='grc' dir='ltr'><strong><em>έχειν</em></strong></span> <span class='ocrx_word' id='word_1_97' title='bbox 583 1464 667 1556; x_wconf 88' lang='grc' dir='ltr'><strong><em>πρὸς</em></strong></span> <span class='ocrx_word' id='word_1_98' title='bbox 694 1463 846 1554; x_wconf 92' lang='grc' dir='ltr'><strong><em>ἀλλήλας,</em></strong></span> <span class='ocrx_word' id='word_1_99' title='bbox 874 1463 1021 1556; x_wconf 83' lang='grc' dir='ltr'><strong><em>ἡγεμόνα</em></strong></span> <span class='ocrx_word' id='word_1_100' title='bbox 1040 1468 1101 1556; x_wconf 72' lang='grc' dir='ltr'><strong><em>μέν</em></strong></span> 
     </span>
     <span class='ocr_line' id='line_1_14' title="bbox 86 1569 1099 1663; baseline 0.004 -24"><span class='ocrx_word' id='word_1_101' title='bbox 86 1574 230 1659; x_wconf 81' lang='grc' dir='ltr'><strong><em>ἐκείνην,</em></strong></span> <span class='ocrx_word' id='word_1_102' title='bbox 259 1573 506 1661; x_wconf 85' lang='grc' dir='ltr'><strong><em>σνμφωνούσας</em></strong></span> <span class='ocrx_word' id='word_1_103' title='bbox 525 1572 563 1640; x_wconf 73' lang='grc' dir='ltr'><strong><em>δὲ</em></strong></span> <span class='ocrx_word' id='word_1_104' title='bbox 589 1571 672 1661; x_wconf 91' lang='grc' dir='ltr'><strong><em>πρὸς</em></strong></span> <span class='ocrx_word' id='word_1_105' title='bbox 691 1569 797 1660; x_wconf 83' lang='grc' dir='ltr'><strong><em>αὐτήν</em></strong></span> <span class='ocrx_word' id='word_1_106' title='bbox 824 1571 882 1653; x_wconf 81' lang='grc' dir='ltr'><strong><em>τὰς</em></strong></span> <span class='ocrx_word' id='word_1_107' title='bbox 905 1571 1005 1655; x_wconf 83' lang='grc' dir='ltr'><strong><em>ἀλλας</em></strong></span> <span class='ocrx_word' id='word_1_108' title='bbox 1024 1573 1099 1663; x_wconf 76' lang='grc' dir='ltr'><strong><em>ἅμα.</em></strong></span> 
     </span>
     <span class='ocr_line' id='line_1_15' title="bbox 87 1679 1100 1769; baseline 0.004 -23"><span class='ocrx_word' id='word_1_109' title='bbox 87 1679 157 1746; x_wconf 77' lang='grc' dir='ltr'><strong><em>ἐπεὶ</em></strong></span> <span class='ocrx_word' id='word_1_110' title='bbox 185 1685 256 1764; x_wconf 89' lang='grc' dir='ltr'><strong><em>καί,</em></strong></span> <span class='ocrx_word' id='word_1_111' title='bbox 289 1684 320 1746; x_wconf 89' lang='grc' dir='ltr'><strong><em>εί</em></strong></span> <span class='ocrx_word' id='word_1_112' title='bbox 345 1680 448 1767; x_wconf 89' lang='grc' dir='ltr'><strong><em>μέσον</em></strong></span> <span class='ocrx_word' id='word_1_113' title='bbox 481 1685 608 1767; x_wconf 82' lang='grc' dir='ltr'><strong><em>ἔφαμεν</em></strong></span> <span class='ocrx_word' id='word_1_114' title='bbox 641 1682 677 1747; x_wconf 84' lang='grc' dir='ltr'><strong><em>έν</em></strong></span> <span class='ocrx_word' id='word_1_115' title='bbox 704 1680 817 1765; x_wconf 83' lang='grc' dir='ltr'><strong><em>μέσοις</em></strong></span> <span class='ocrx_word' id='word_1_116' title='bbox 850 1683 1012 1769; x_wconf 73' lang='grc' dir='ltr'><strong><em>ἱδρῦσθαι</em></strong></span> <span class='ocrx_word' id='word_1_117' title='bbox 1039 1680 1100 1750; x_wconf 90' lang='grc' dir='ltr'><strong><em>τὸν</em></strong></span> 
     </span>
     <span class='ocr_line' id='line_1_16' title="bbox 46 1781 1099 1874; baseline 0.006 -24"><span class='ocrx_word' id='word_1_118' title='bbox 46 1782 172 1853; x_wconf 74' lang='grc' dir='ltr'><strong><em>αθεδν</em></strong></span> <span class='ocrx_word' id='word_1_119' title='bbox 199 1799 269 1865; x_wconf 84' lang='grc' dir='ltr'><strong><em>τοῖς</em></strong></span> <span class='ocrx_word' id='word_1_120' title='bbox 296 1800 427 1874; x_wconf 84' lang='grc' dir='ltr'><strong><em>νοεροῑς</em></strong></span> <span class='ocrx_word' id='word_1_121' title='bbox 444 1796 548 1872; x_wconf 80' lang='grc' dir='ltr'><strong><em>θεοῖς,</em></strong></span> <span class='ocrx_word' id='word_1_122' title='bbox 576 1785 706 1873; x_wconf 90' lang='grc' dir='ltr'><strong><em>ποταπή</em></strong></span> <span class='ocrx_word' id='word_1_123' title='bbox 734 1781 821 1872; x_wconf 88' lang='grc' dir='ltr'><strong><em>τιςή</em></strong></span> <span class='ocrx_word' id='word_1_124' title='bbox 850 1787 990 1874; x_wconf 82' lang='grc' dir='ltr'><strong><em>μεσότης</em></strong></span> <span class='ocrx_word' id='word_1_125' title='bbox 1010 1790 1099 1856; x_wconf 80' lang='grc' dir='ltr'><strong><em>ἐστὶν</em></strong></span> 
     </span>
     <span class='ocr_line' id='line_1_17' title="bbox 86 1881 1097 1981; baseline 0.004 -23"><span class='ocrx_word' id='word_1_126' title='bbox 86 1881 136 1958; x_wconf 89' lang='grc' dir='ltr'><strong><em>ῶν</em></strong></span> <span class='ocrx_word' id='word_1_127' title='bbox 169 1881 213 1958; x_wconf 80' lang='grc' dir='ltr'><strong><em>αὖ</em></strong></span> <span class='ocrx_word' id='word_1_128' title='bbox 244 1889 305 1979; x_wconf 87' lang='grc' dir='ltr'><strong><em>χρή</em></strong></span> <span class='ocrx_word' id='word_1_129' title='bbox 337 1893 440 1980; x_wconf 87' lang='grc' dir='ltr'><strong><em>μέσον</em></strong></span> <span class='ocrx_word' id='word_1_130' title='bbox 472 1888 576 1960; x_wconf 76' lang='grc' dir='ltr'><strong><em>αὐτὸν</em></strong></span> <span class='ocrx_word' id='word_1_131' title='bbox 610 1888 810 1978; x_wconf 74' lang='grc' dir='ltr'><strong><em>ὑπολαβεῖν,</em></strong></span> <span class='ocrx_word' id='word_1_132' title='bbox 843 1889 944 1973; x_wconf 80' lang='grc' dir='ltr'><strong><em>αὐτὸς</em></strong></span> <span class='ocrx_word' id='word_1_133' title='bbox 971 1888 1051 1981; x_wconf 84' lang='grc' dir='ltr'><strong><em>ήμίν</em></strong></span> <span class='ocrx_word' id='word_1_134' title='bbox 1080 1890 1097 1962; x_wconf 87' lang='grc' dir='ltr'>ὁ</span> 
     </span>
     <span class='ocr_line' id='line_1_18' title="bbox 85 1993 1099 2087; baseline 0.005 -24"><span class='ocrx_word' id='word_1_135' title='bbox 85 1993 245 2084; x_wconf 75' lang='grc' dir='ltr'><strong><em>βασιλεὺς</em></strong></span> <span class='ocrx_word' id='word_1_136' title='bbox 272 2003 376 2065; x_wconf 78' lang='grc' dir='ltr'><strong><em>εἰπεῖν</em></strong></span> <span class='ocrx_word' id='word_1_137' title='bbox 395 1994 510 2078; x_wconf 87' lang='grc' dir='ltr'><strong><em>Ἥλιος</em></strong></span> <span class='ocrx_word' id='word_1_138' title='bbox 529 2002 614 2086; x_wconf 91' lang='grc' dir='ltr'><strong><em>δοίη.</em></strong></span> <span class='ocrx_word' id='word_1_139' title='bbox 660 1997 823 2084; x_wconf 91' lang='grc' dir='ltr'><strong><em>μεσότητα</em></strong></span> <span class='ocrx_word' id='word_1_140' title='bbox 846 1999 907 2085; x_wconf 73' lang='grc' dir='ltr'><strong><em>μέν</em></strong></span> <span class='ocrx_word' id='word_1_141' title='bbox 927 1999 969 2086; x_wconf 89' lang='grc' dir='ltr'><strong><em>δή</em></strong></span> <span class='ocrx_word' id='word_1_142' title='bbox 989 2027 1099 2087; x_wconf 88' lang='grc' dir='ltr'><strong><em>φαμεν</em></strong></span> 
     </span>
     <span class='ocr_line' id='line_1_19' title="bbox 86 2099 1134 2192; baseline -0.001 -20"><span class='ocrx_word' id='word_1_143' title='bbox 86 2099 129 2172; x_wconf 80' lang='grc' dir='ltr'><strong><em>οὐ</em></strong></span> <span class='ocrx_word' id='word_1_144' title='bbox 160 2100 223 2190; x_wconf 85' lang='grc' dir='ltr'><strong><em>τήν</em></strong></span> <span class='ocrx_word' id='word_1_145' title='bbox 255 2106 292 2171; x_wconf 86' lang='grc' dir='ltr'><strong><em>έν</em></strong></span> <span class='ocrx_word' id='word_1_146' title='bbox 323 2119 392 2184; x_wconf 74' lang='grc' dir='ltr'><strong><em>τοῖς</em></strong></span> <span class='ocrx_word' id='word_1_147' title='bbox 429 2106 593 2185; x_wconf 82' lang='grc' dir='ltr'><strong><em>ἐναντίοις</em></strong></span> <span class='ocrx_word' id='word_1_148' title='bbox 625 2104 866 2192; x_wconf 85' lang='grc' dir='ltr'><strong><em>θεωρουμένην</em></strong></span> <span class='ocrx_word' id='word_1_149' title='bbox 905 2114 981 2173; x_wconf 88' lang='grc' dir='ltr'><strong><em>ίσον</em></strong></span> <span class='ocrx_word' id='word_1_150' title='bbox 1018 2102 1134 2192; x_wconf 88' lang='grc' dir='ltr'><strong><em>ἀφε-Ι)</em></strong></span> 
     </span>
     <span class='ocr_line' id='line_1_20' title="bbox 85 2205 1099 2299; baseline 0.002 -21"><span class='ocrx_word' id='word_1_151' title='bbox 85 2211 220 2290; x_wconf 86' lang='grc' dir='ltr'><strong><em>στῶσαν</em></strong></span> <span class='ocrx_word' id='word_1_152' title='bbox 246 2212 314 2277; x_wconf 88' lang='grc' dir='ltr'><strong><em>τῶν</em></strong></span> <span class='ocrx_word' id='word_1_153' title='bbox 342 2208 468 2299; x_wconf 83' lang='grc' dir='ltr'><strong><em>ἀκρων,</em></strong></span> <span class='ocrx_word' id='word_1_154' title='bbox 502 2205 576 2279; x_wconf 88' lang='grc' dir='ltr'><strong><em>οἷον</em></strong></span> <span class='ocrx_word' id='word_1_155' title='bbox 604 2211 657 2278; x_wconf 82' lang='grc' dir='ltr'><strong><em>ε’πὶ</em></strong></span> <span class='ocrx_word' id='word_1_156' title='bbox 689 2209 872 2299; x_wconf 77' lang='grc' dir='ltr'><strong><em>χρωμάτων</em></strong></span> <span class='ocrx_word' id='word_1_157' title='bbox 899 2209 936 2279; x_wconf 91' lang='grc' dir='ltr'><strong><em>τὸ</em></strong></span> <span class='ocrx_word' id='word_1_158' title='bbox 970 2211 1099 2291; x_wconf 83' lang='grc' dir='ltr'><strong><em>ξανθὸν</em></strong></span> 
     </span>
     <span class='ocr_line' id='line_1_21' title="bbox 45 2311 1099 2406; baseline 0.006 -26"><span class='ocrx_word' id='word_1_159' title='bbox 45 2311 106 2403; x_wconf 78' lang='grc' dir='ltr'><strong><em>νοή</em></strong></span> <span class='ocrx_word' id='word_1_160' title='bbox 135 2314 250 2401; x_wconf 92' lang='grc' dir='ltr'><strong><em>φαιόν,</em></strong></span> <span class='ocrx_word' id='word_1_161' title='bbox 278 2317 331 2384; x_wconf 80' lang='grc' dir='ltr'><strong><em>ἐπὶ</em></strong></span> <span class='ocrx_word' id='word_1_162' title='bbox 350 2315 387 2384; x_wconf 74' lang='grc' dir='ltr'><strong><em>δέ</em></strong></span> <span class='ocrx_word' id='word_1_163' title='bbox 413 2319 543 2405; x_wconf 82' lang='grc' dir='ltr'><strong><em>θερμοῦ</em></strong></span> <span class='ocrx_word' id='word_1_164' title='bbox 571 2319 626 2386; x_wconf 83' lang='grc' dir='ltr'><strong><em>καλ</em></strong></span> <span class='ocrx_word' id='word_1_165' title='bbox 645 2318 777 2405; x_wconf 79' lang='grc' dir='ltr'><strong><em>ψυχροῦ</em></strong></span> <span class='ocrx_word' id='word_1_166' title='bbox 804 2313 842 2384; x_wconf 85' lang='grc' dir='ltr'><strong><em>τὸ</em></strong></span> <span class='ocrx_word' id='word_1_167' title='bbox 871 2317 1019 2406; x_wconf 86' lang='grc' dir='ltr'><strong><em>χλιαρόν,</em></strong></span> <span class='ocrx_word' id='word_1_168' title='bbox 1042 2320 1099 2386; x_wconf 82' lang='grc' dir='ltr'><strong><em>καὶ</em></strong></span> 
     </span>
     <span class='ocr_line' id='line_1_22' title="bbox 84 2418 1098 2510; baseline 0.001 -20"><span class='ocrx_word' id='word_1_169' title='bbox 84 2418 149 2490; x_wconf 79' lang='grc' dir='ltr'><strong><em>ὅσα</em></strong></span> <span class='ocrx_word' id='word_1_170' title='bbox 176 2424 326 2509; x_wconf 77' lang='grc' dir='ltr'><strong><em>τοιαῦτα,</em></strong></span> <span class='ocrx_word' id='word_1_171' title='bbox 355 2419 437 2491; x_wconf 81' lang='grc' dir='ltr'><strong><em>ἀλλὰ</em></strong></span> <span class='ocrx_word' id='word_1_172' title='bbox 465 2421 528 2510; x_wconf 85' lang='grc' dir='ltr'><strong><em>τήν</em></strong></span> <span class='ocrx_word' id='word_1_173' title='bbox 547 2419 708 2510; x_wconf 82' lang='grc' dir='ltr'><strong><em>ἑνωτικήν</em></strong></span> <span class='ocrx_word' id='word_1_174' title='bbox 735 2424 790 2490; x_wconf 84' lang='grc' dir='ltr'><strong><em>καὶ</em></strong></span> <span class='ocrx_word' id='word_1_175' title='bbox 818 2423 1035 2508; x_wconf 75' lang='grc' dir='ltr'><strong><em>συνάγουσαν</em></strong></span> <span class='ocrx_word' id='word_1_176' title='bbox 1057 2421 1098 2491; x_wconf 84' lang='grc' dir='ltr'><strong><em>τόι</em></strong></span> 
     </span>
     <span class='ocr_line' id='line_1_23' title="bbox 84 2524 1097 2619; baseline 0.003 -23"><span class='ocrx_word' id='word_1_177' title='bbox 84 2530 257 2613; x_wconf 76' lang='grc' dir='ltr'><strong><em>διεστῶτα,</em></strong></span> <span class='ocrx_word' id='word_1_178' title='bbox 286 2524 406 2597; x_wconf 88' lang='grc' dir='ltr'><strong><em>ὁποίαν</em></strong></span> <span class='ocrx_word' id='word_1_179' title='bbox 433 2528 508 2597; x_wconf 86' lang='grc' dir='ltr'><strong><em>τινά</em></strong></span> <span class='ocrx_word' id='word_1_180' title='bbox 537 2550 642 2617; x_wconf 89' lang='grc' dir='ltr'><strong><em>φησιν</em></strong></span> <span class='ocrx_word' id='word_1_181' title='bbox 666 2527 887 2616; x_wconf 76' lang='grc' dir='ltr'><strong><em>Ἐμπεδοκλῆς</em></strong></span> <span class='ocrx_word' id='word_1_182' title='bbox 905 2527 967 2617; x_wconf 83' lang='grc' dir='ltr'><strong><em>τήν</em></strong></span> <span class='ocrx_word' id='word_1_183' title='bbox 995 2525 1097 2619; x_wconf 78' lang='grc' dir='ltr'><strong><em>ἁρμο-</em></strong></span> 
     </span>
     <span class='ocr_line' id='line_1_24' title="bbox 83 2628 1099 2723; baseline 0.002 -20"><span class='ocrx_word' id='word_1_184' title='bbox 83 2640 164 2703; x_wconf 91' lang='grc' dir='ltr'><strong><em>νίαν</em></strong></span> <span class='ocrx_word' id='word_1_185' title='bbox 193 2635 347 2723; x_wconf 80' lang='grc' dir='ltr'><strong><em>ἕξορίζων</em></strong></span> <span class='ocrx_word' id='word_1_186' title='bbox 375 2630 479 2723; x_wconf 80' lang='grc' dir='ltr'><strong><em>αότής</em></strong></span> <span class='ocrx_word' id='word_1_187' title='bbox 506 2639 674 2716; x_wconf 89' lang='grc' dir='ltr'><strong><em>παντελῶς</em></strong></span> <span class='ocrx_word' id='word_1_188' title='bbox 701 2632 738 2704; x_wconf 91' lang='grc' dir='ltr'><strong><em>τὸ</em></strong></span> <span class='ocrx_word' id='word_1_189' title='bbox 766 2650 884 2716; x_wconf 75' lang='grc' dir='ltr'><strong><em>νεῖκος.</em></strong></span> <span class='ocrx_word' id='word_1_190' title='bbox 930 2643 1006 2704; x_wconf 90' lang='grc' dir='ltr'><strong><em>τίνα</em></strong></span> <span class='ocrx_word' id='word_1_191' title='bbox 1035 2628 1099 2705; x_wconf 81' lang='grc' dir='ltr'><strong><em>οὖν</em></strong></span> 
     </span>
     <span class='ocr_line' id='line_1_25' title="bbox 83 2733 1098 2830; baseline 0.003 -22"><span class='ocrx_word' id='word_1_192' title='bbox 83 2743 185 2826; x_wconf 90' lang='grc' dir='ltr'><strong><em>ε’στιν,</em></strong></span> <span class='ocrx_word' id='word_1_193' title='bbox 215 2736 404 2828; x_wconf 79' lang='grc' dir='ltr'><strong><em>ἀσυνάχει,</em></strong></span> <span class='ocrx_word' id='word_1_194' title='bbox 432 2743 487 2810; x_wconf 77' lang='grc' dir='ltr'><strong><em>καλ</em></strong></span> <span class='ocrx_word' id='word_1_195' title='bbox 506 2747 610 2810; x_wconf 89' lang='grc' dir='ltr'><strong><em>τίνων</em></strong></span> <span class='ocrx_word' id='word_1_196' title='bbox 639 2743 706 2809; x_wconf 84' lang='grc' dir='ltr'><strong><em>ἐστὶ</em></strong></span> <span class='ocrx_word' id='word_1_197' title='bbox 725 2743 839 2828; x_wconf 86' lang='grc' dir='ltr'><strong><em>μέσος;</em></strong></span> <span class='ocrx_word' id='word_1_198' title='bbox 868 2744 953 2830; x_wconf 78' lang='grc' dir='ltr'><strong><em>φημὶ</em></strong></span> <span class='ocrx_word' id='word_1_199' title='bbox 973 2743 1014 2830; x_wconf 89' lang='grc' dir='ltr'><strong><em>δή</em></strong></span> <span class='ocrx_word' id='word_1_200' title='bbox 1035 2733 1098 2811; x_wconf 82' lang='grc' dir='ltr'><strong><em>οὖν</em></strong></span> 
     </span>
     <span class='ocr_line' id='line_1_26' title="bbox 46 2843 1098 2937; baseline 0.003 -24"><span class='ocrx_word' id='word_1_201' title='bbox 46 2872 70 2913; x_wconf 74' lang='grc' dir='ltr'><strong><em>τε</em></strong></span> <span class='ocrx_word' id='word_1_202' title='bbox 84 2843 136 2916; x_wconf 80' lang='grc' dir='ltr'><strong><em>ὅτι</em></strong></span> <span class='ocrx_word' id='word_1_203' title='bbox 164 2849 233 2915; x_wconf 86' lang='grc' dir='ltr'><strong><em>τῶν</em></strong></span> <span class='ocrx_word' id='word_1_204' title='bbox 260 2873 294 2915; x_wconf 87' lang='grc' dir='ltr'><strong><em>τε</em></strong></span> <span class='ocrx_word' id='word_1_205' title='bbox 321 2850 482 2935; x_wconf 80' lang='grc' dir='ltr'><strong><em>ἐμφανῶν</em></strong></span> <span class='ocrx_word' id='word_1_206' title='bbox 509 2850 564 2916; x_wconf 86' lang='grc' dir='ltr'><strong><em>καὶ</em></strong></span> <span class='ocrx_word' id='word_1_207' title='bbox 582 2854 806 2937; x_wconf 87' lang='grc' dir='ltr'><strong><em>περικοσμίων</em></strong></span> <span class='ocrx_word' id='word_1_208' title='bbox 833 2852 925 2916; x_wconf 88' lang='grc' dir='ltr'><strong><em>θεῶν</em></strong></span> <span class='ocrx_word' id='word_1_209' title='bbox 951 2850 1007 2917; x_wconf 86' lang='grc' dir='ltr'><strong><em>καὶ</em></strong></span> <span class='ocrx_word' id='word_1_210' title='bbox 1030 2851 1098 2916; x_wconf 86' lang='grc' dir='ltr'><strong><em>τῶν</em></strong></span> 
     </span>
     <span class='ocr_line' id='line_1_27' title="bbox 82 2949 1150 3045; baseline -0.001 -24"><span class='ocrx_word' id='word_1_211' title='bbox 82 2949 199 3021; x_wconf 86' lang='grc' dir='ltr'><strong><em>ἀόλων</em></strong></span> <span class='ocrx_word' id='word_1_212' title='bbox 231 2954 287 3021; x_wconf 75' lang='grc' dir='ltr'><strong><em>καὶ</em></strong></span> <span class='ocrx_word' id='word_1_213' title='bbox 318 2956 464 3041; x_wconf 88' lang='grc' dir='ltr'><strong><em>νοητῶν,</em></strong></span> <span class='ocrx_word' id='word_1_214' title='bbox 498 2960 534 3022; x_wconf 73' lang='grc' dir='ltr'><strong><em>οἳ</em></strong></span> <span class='ocrx_word' id='word_1_215' title='bbox 563 2956 637 3044; x_wconf 87' lang='grc' dir='ltr'><strong><em>περὶ</em></strong></span> <span class='ocrx_word' id='word_1_216' title='bbox 665 2951 815 3039; x_wconf 78' lang='grc' dir='ltr'><strong><em>τάγαθόν</em></strong></span> <span class='ocrx_word' id='word_1_217' title='bbox 849 2960 948 3041; x_wconf 87' lang='grc' dir='ltr'><strong><em>είσιν,</em></strong></span> <span class='ocrx_word' id='word_1_218' title='bbox 982 2952 1150 3045; x_wconf 82' lang='grc' dir='ltr'><strong><em>ῶσπερ139</em></strong></span> 
     </span>
     <span class='ocr_line' id='line_1_28' title="bbox 81 3057 1098 3150; baseline 0.001 -22"><span class='ocrx_word' id='word_1_219' title='bbox 81 3062 431 3147; x_wconf 83' lang='grc' dir='ltr'><strong><em>πολυπλασιαζομένης</em></strong></span> <span class='ocrx_word' id='word_1_220' title='bbox 460 3057 599 3141; x_wconf 87' lang='grc' dir='ltr'><strong><em>ἀπαθῶς</em></strong></span> <span class='ocrx_word' id='word_1_221' title='bbox 625 3062 681 3130; x_wconf 87' lang='grc' dir='ltr'><strong><em>καὶ</em></strong></span> <span class='ocrx_word' id='word_1_222' title='bbox 709 3058 791 3128; x_wconf 84' lang='grc' dir='ltr'><strong><em>ἀνευ</em></strong></span> <span class='ocrx_word' id='word_1_223' title='bbox 818 3060 1013 3150; x_wconf 83' lang='grc' dir='ltr'><strong><em>προσθήκης</em></strong></span> <span class='ocrx_word' id='word_1_224' title='bbox 1040 3065 1098 3150; x_wconf 88' lang='grc' dir='ltr'><strong><em>τής</em></strong></span> 
     </span>
     <span class='ocr_line' id='line_1_29' title="bbox 82 3157 1097 3255; baseline 0.002 -22"><span class='ocrx_word' id='word_1_225' title='bbox 82 3168 207 3253; x_wconf 87' lang='grc' dir='ltr'><strong><em>νοητής</em></strong></span> <span class='ocrx_word' id='word_1_226' title='bbox 233 3166 289 3234; x_wconf 81' lang='grc' dir='ltr'><strong><em>καὶ</em></strong></span> <span class='ocrx_word' id='word_1_227' title='bbox 316 3172 413 3247; x_wconf 91' lang='grc' dir='ltr'><strong><em>θείας</em></strong></span> <span class='ocrx_word' id='word_1_228' title='bbox 433 3163 558 3247; x_wconf 86' lang='grc' dir='ltr'><strong><em>οὐσίας.</em></strong></span> <span class='ocrx_word' id='word_1_229' title='bbox 596 3163 640 3248; x_wconf 89' lang='grc' dir='ltr'><strong><em>ῶς</em></strong></span> <span class='ocrx_word' id='word_1_230' title='bbox 659 3168 720 3255; x_wconf 74' lang='grc' dir='ltr'><strong><em>μὲν</em></strong></span> <span class='ocrx_word' id='word_1_231' title='bbox 744 3157 807 3234; x_wconf 83' lang='grc' dir='ltr'><strong><em>οὖν</em></strong></span> <span class='ocrx_word' id='word_1_232' title='bbox 831 3168 900 3235; x_wconf 80' lang='grc' dir='ltr'><strong><em>ἐστι</em></strong></span> <span class='ocrx_word' id='word_1_233' title='bbox 928 3169 1010 3254; x_wconf 92' lang='grc' dir='ltr'><strong><em>μέση</em></strong></span> <span class='ocrx_word' id='word_1_234' title='bbox 1038 3195 1097 3253; x_wconf 90' lang='grc' dir='ltr'><strong><em>τις,</em></strong></span> 
     </span>
    </p>
   </div>
   <div class='ocr_carea' id='block_1_3' title="bbox 153 3326 1096 3419">
    <p class='ocr_par' dir='ltr' id='par_1_3' title="bbox 153 3326 1096 3419">
     <span class='ocr_line' id='line_1_30' title="bbox 153 3326 1096 3419; baseline 0 -33"><span class='ocrx_word' id='word_1_235' title='bbox 153 3326 438 3419; x_wconf 62' lang='grc' dir='ltr'><strong><em>δάποκλέωμενθ</em></strong></span> <span class='ocrx_word' id='word_1_236' title='bbox 501 3340 533 3388; x_wconf 82' lang='grc'><strong><em>14</em></strong></span> <span class='ocrx_word' id='word_1_237' title='bbox 558 3333 585 3388; x_wconf 87' lang='grc' dir='ltr'><strong><em>εί</em></strong></span> <span class='ocrx_word' id='word_1_238' title='bbox 606 3333 694 3403; x_wconf 85' lang='grc' dir='ltr'><strong><em>μέσον</em></strong></span> <span class='ocrx_word' id='word_1_239' title='bbox 717 3337 905 3404; x_wconf 56' lang='lat' dir='ltr'>MbEFffis</span> <span class='ocrx_word' id='word_1_240' title='bbox 893 3334 976 3417; x_wconf 69' lang='grc' dir='ltr'><strong><em>είρμ</em></strong></span> <span class='ocrx_word' id='word_1_241' title='bbox 981 3333 1096 3397; x_wconf 67' lang='grc' dir='ltr'><strong><em>ε’σονλί,</em></strong></span> 
     </span>
    </p>
   </div>
   <div class='ocr_carea' id='block_1_4' title="bbox 82 3354 1097 3606">
    <p class='ocr_par' dir='ltr' id='par_1_4' title="bbox 82 3354 1097 3606">
     <span class='ocr_line' id='line_1_31' title="bbox 82 3354 1095 3472; baseline -0.001 -17"><span class='ocrx_word' id='word_1_242' title='bbox 82 3399 173 3469; x_wconf 84' lang='grc' dir='ltr'><strong><em>μέσον</em></strong></span> <span class='ocrx_word' id='word_1_243' title='bbox 196 3420 215 3453; x_wconf 81' lang='lat' dir='ltr'>v</span> <span class='ocrx_word' id='word_1_244' title='bbox 284 3406 316 3454; x_wconf 84' lang='grc'><strong><em>16</em></strong></span> <span class='ocrx_word' id='word_1_245' title='bbox 329 3409 357 3455; x_wconf 82' lang='lat' dir='ltr'><strong><em>et</em></strong></span> <span class='ocrx_word' id='word_1_246' title='bbox 370 3398 438 3454; x_wconf 79' lang='lat'><strong><em>1⁷</em></strong></span> <span class='ocrx_word' id='word_1_247' title='bbox 426 3421 440 3455; x_wconf 89' lang='grc' dir='ltr'><strong><em>ο</em></strong></span> <span class='ocrx_word' id='word_1_248' title='bbox 466 3398 599 3471; x_wconf 82' lang='grc' dir='ltr'><strong><em>βασιλεδς</em></strong></span> <span class='ocrx_word' id='word_1_249' title='bbox 606 3356 717 3458; x_wconf 79' lang='grc' dir='ltr'><strong><em>μείπειν</em></strong></span> <span class='ocrx_word' id='word_1_250' title='bbox 736 3403 770 3472; x_wconf 89' lang='lat' dir='ltr'><strong><em>V]</em></strong></span> <span class='ocrx_word' id='word_1_251' title='bbox 794 3379 890 3459; x_wconf 81' lang='grc' dir='ltr'><strong><em>εἰπεῖν</em></strong></span> <span class='ocrx_word' id='word_1_252' title='bbox 913 3423 928 3457; x_wconf 93' lang='grc' dir='ltr'><strong><em>ο</em></strong></span> <span class='ocrx_word' id='word_1_253' title='bbox 951 3354 1095 3470; x_wconf 81' lang='grc' dir='ltr'><strong><em>βασιλεύς.</em></strong></span> 
     </span>
     <span class='ocr_line' id='line_1_32' title="bbox 83 3465 1097 3554; baseline 0.001 -33"><span class='ocrx_word' id='word_1_254' title='bbox 83 3471 158 3522; x_wconf 83' lang='lat' dir='ltr'>Idem</span> <span class='ocrx_word' id='word_1_255' title='bbox 177 3477 220 3522; x_wconf 77' lang='lat' dir='ltr'><strong><em>est</em></strong></span> <span class='ocrx_word' id='word_1_256' title='bbox 243 3472 387 3523; x_wconf 84' lang='lat' dir='ltr'><strong>verborum</strong></span> <span class='ocrx_word' id='word_1_257' title='bbox 410 3473 475 3524; x_wconf 86' lang='lat' dir='ltr'>ordo</span> <span class='ocrx_word' id='word_1_258' title='bbox 495 3473 577 3523; x_wconf 84' lang='lat' dir='ltr'>140A</span> <span class='ocrx_word' id='word_1_259' title='bbox 649 3476 679 3525; x_wconf 87' lang='grc'><strong><em>19</em></strong></span> <span class='ocrx_word' id='word_1_260' title='bbox 703 3466 751 3523; x_wconf 79' lang='grc' dir='ltr'><strong><em>ἐπὶ</em></strong></span> <span class='ocrx_word' id='word_1_261' title='bbox 769 3470 923 3554; x_wconf 75' lang='grc' dir='ltr'><strong><em>χρωμάτων</em></strong></span> <span class='ocrx_word' id='word_1_262' title='bbox 940 3470 1015 3538; x_wconf 76' lang='lat' dir='ltr'>libri]</span> <span class='ocrx_word' id='word_1_263' title='bbox 1037 3465 1097 3548; x_wconf 76' lang='grc' dir='ltr'><strong><em>ξστι</em></strong></span> 
     </span>
     <span class='ocr_line' id='line_1_33' title="bbox 83 3531 1097 3606; baseline 0.001 -17"><span class='ocrx_word' id='word_1_264' title='bbox 83 3534 241 3605; x_wconf 75' lang='grc' dir='ltr'><strong><em>χρωμάτων</em></strong></span> <span class='ocrx_word' id='word_1_265' title='bbox 292 3533 362 3592; x_wconf 80' lang='lat'><strong><em>28</em></strong></span> <span class='ocrx_word' id='word_1_266' title='bbox 344 3557 381 3600; x_wconf 86' lang='grc' dir='ltr'><strong><em>ως</em></strong></span> <span class='ocrx_word' id='word_1_267' title='bbox 400 3557 453 3606; x_wconf 87' lang='grc' dir='ltr'><strong><em>μεν</em></strong></span> <span class='ocrx_word' id='word_1_268' title='bbox 471 3532 667 3606; x_wconf 75' lang='lat' dir='ltr'>vMbEG]‘&#39;</span> <span class='ocrx_word' id='word_1_269' title='bbox 645 3555 738 3605; x_wconf 87' lang='grc' dir='ltr'><strong><em>ωσπερ</em></strong></span> <span class='ocrx_word' id='word_1_270' title='bbox 754 3538 757 3603; x_wconf 96' lang='grc' dir='ltr'>Ι</span> <span class='ocrx_word' id='word_1_271' title='bbox 777 3537 848 3606; x_wconf 86' lang='grc' dir='ltr'><strong><em>μέση</em></strong></span> <span class='ocrx_word' id='word_1_272' title='bbox 860 3559 903 3600; x_wconf 88' lang='grc' dir='ltr'><strong><em>τις</em></strong></span> <span class='ocrx_word' id='word_1_273' title='bbox 921 3537 955 3605; x_wconf 80' lang='lat' dir='ltr'><strong><em>V]</em></strong></span> <span class='ocrx_word' id='word_1_274' title='bbox 974 3531 1097 3605; x_wconf 88' lang='grc' dir='ltr'><strong><em>μεσότης</em></strong></span> 
     </span>
    </p>
   </div>
   <div class='ocr_carea' id='block_1_5' title="bbox 830 3623 883 3677">
    <p class='ocr_par' dir='ltr' id='par_1_5' title="bbox 830 3623 883 3677">
     <span class='ocr_line' id='line_1_34' title="bbox 830 3623 883 3677; baseline 0.019 -1"><span class='ocrx_word' id='word_1_275' title='bbox 830 3623 883 3677; x_wconf 80' lang='lat'><strong><em>12*</em></strong></span> 
     </span>
    </p>
   </div>
   <div class='ocr_carea' id='block_1_6' title="bbox 0 0 1200 3960">
    <p class='ocr_par' dir='ltr' id='par_1_6' title="bbox 0 0 1200 3960">
     <span class='ocr_line' id='line_1_35' title="bbox 0 0 1200 3960; baseline 0 0"><span class='ocrx_word' id='word_1_276' title='bbox 0 0 1200 3960; x_wconf 95' lang='lat' dir='ltr'><strong><em> </em></strong></span> 
     </span>
    </p>
   </div>
  </div>
 </body>
</html>
