2392 3960
503 207 638 260 οευυο
657 209 679 261 1.
1058 204 1096 266 21

80 332 361 425 αὐτοκρατόρων,
398 337 454 404 καὶ
492 330 537 416 ῶς
569 337 679 404 ἐκεῖνα
712 333 767 403 διά
800 336 936 423 μακρῶν
970 330 1102 401 ἀπωσά-

80 451 171 529 μεθα
209 442 381 510 κινδύνων
417 440 458 509 τά
495 451 613 529 αἰσχη,
651 444 783 510 πολλῶν
821 442 877 509 καὶ
915 439 1104 528 σωφρόνων

81 545 342 637 αὐτοκρατόρων
370 544 674 636 ἀναμαχεσαμένωυ
705 546 745 617 τὰ
773 554 973 634 πταίσματα;
1006 553 1041 613 τί
1066 546 1104 614 δὲ

79 653 145 743 χρή
178 657 247 722 τῶν
281 656 447 743 δευτέρων
480 652 698 741 ἀτυχημάτων
726 657 918 741 μεμνῆσθαι
951 654 1006 721 καὶ
1034 655 1103 720 τῶν

52 757 130 833 εέπ’
154 756 269 841 αὐτοῖς
287 763 349 828 τοῦ
366 759 484 847 Κάρου
503 761 654 847 πράξεων
674 762 703 845 [,
723 758 825 848 ὅσπερ
844 757 924 847 μετὰ
942 757 1002 839 τὰς
1020 779 1103 847 συμ-
1124 785 1157 834 18

82 865 193 954 φορὰς
232 862 338 955 ήρέθη
372 868 594 954 στρατηγός];
633 863 704 934 ἀλλ’
741 870 775 933 οί
809 865 871 952 τήν
903 863 1105 952 θαυμαστὴν

81 974 141 1041 καί
159 970 250 1062 παρὰ
269 975 371 1041 πᾶσιν
391 970 617 1060 ἀγαπωμένην
637 970 775 1062 εἰρήνην
795 972 1004 1051 ἐπιτάξαντες
1022 974 1104 1040 ἐκεί-

81 1106 157 1159 νοις
190 1076 298 1166 ἀγειν,
332 1083 367 1147 οἱ
396 1078 461 1166 πρὸ
494 1081 556 1149 τοῦ
589 1082 652 1147 σοῦ
685 1076 810 1166 πατρὸς
842 1076 904 1164 τήν
932 1083 1105 1165 βασιλείαν

81 1185 319 1272 κατασχόντες,
353 1183 415 1273 οὐχ
448 1182 465 1253 ὁ
500 1186 560 1273 μέν
588 1200 709 1273 καῖσαρ
738 1182 813 1253 καθ’
844 1180 949 1252 αὐτὸν
976 1191 1105 1272 συμβα-

40 1322 71 1362 ιο
83 1287 154 1359 λῶν
182 1295 327 1381 αἰσχρῶς
359 1288 559 1380 ἀπήλλαξευ;
593 1293 853 1379 ἐπιστραφέντος
886 1289 923 1357 δὲ
954 1293 1015 1358 τοῦ
1047 1294 1106 1378 τής

84 1399 284 1485 οἰκουμένης
316 1393 445 1485 ἀπάσης
477 1397 639 1487 ἀρχοντος
676 1399 730 1465 καί
763 1395 822 1477 τὰς
855 1396 1014 1483 δυνάμεις
1045 1400 1105 1485 τής

83 1498 266 1590 ἡγεμονίας
297 1499 427 1591 ἀπάσης
459 1508 564 1573 ἐκεῖσε
595 1506 780 1593 τρέψαντος
811 1491 867 1570 καὶ
895 1512 1102 1590 προκαταλα-

83 1608 206 1695 βόντος
224 1608 284 1689 τάς
303 1607 457 1696 εἰσβολάς
476 1610 697 1698 στρατεύμασι
721 1610 777 1678 καὶ
796 1609 992 1694 καταλόγοις
1012 1604 1103 1677 ὁπλι-
1122 1619 1145 1673 Β

82 1717 152 1782 τῶν
180 1718 330 1783 παλαιῶν
358 1716 412 1784 καί
442 1718 624 1785 νεολέκτων
653 1717 710 1785 καὶ
739 1720 967 1794 παντοδαπαῖς
998 1741 1103 1804 παρα-

42 1850 71 1891 τι
84 1835 236 1907 σκευαῖς,
274 1820 420 1902 δεδιότες
447 1822 540 1910 μόλις
566 1821 628 1910 τήν
658 1820 796 1909 εἰρήνην
829 1818 1014 1907 ἠγάπησαν.
1061 1818 1104 1909 ἣν

84 1923 149 1995 οὐκ
178 1924 243 1994 οἶδ’
275 1924 366 2007 ὅπως
396 1929 570 2018 περιόντος
602 1933 663 1997 τοῦ
691 1927 815 2016 πατρὸς
842 1930 903 1994 τοῦ
931 1930 994 1995 σοῦ
1023 1949 1104 2014 συγ·

83 2033 219 2120 χέαντες
248 2035 306 2123 καὶ
345 2035 630 2125 συνταράξαντες,
668 2038 725 2120 τής
762 2032 823 2121 μὲν
859 2030 933 2122 παρ’
973 2036 1104 2102 ἐκείνου

82 2145 244 2228 τιμωρίας
264 2139 462 2230 διήμαρτον,
487 2144 524 2211 ἐν
547 2156 620 2222 ταῖς
643 2139 726 2229 πρὸς
748 2137 809 2207 τὸν
832 2139 978 2226 πόλεμον
996 2165 1102 2228 παρα-

84 2260 220 2326 σκευαῖς
247 2243 306 2314 τδν
325 2253 403 2333 βίον
421 2248 693 2334 μεταλλάξαντος·
736 2247 790 2314 σοὶ
814 2243 851 2312 δέ
873 2240 1021 2334 ὑπέσχον
1043 2245 1105 2335 τήν

42 2355 185 2438 κοδίκην
213 2349 354 2441 ὕστερον
380 2357 448 2421 τῶν
475 2357 736 2444 τετολμημένων.
778 2353 907 2440 μέλλων
931 2352 968 2420 δὲ
992 2358 1038 2420 ἐτι
1062 2351 1103 2440 δή

82 2460 153 2525 τῶν
186 2456 269 2547 πρὸς
302 2454 426 2540 αὐτοὺς
458 2457 600 2546 ἀγόνων
633 2461 825 2548 γευομένων
862 2479 916 2526 σοι
947 2458 1105 2539 πολλάκις

83 2560 251 2632 ἅπτεσθαι
282 2569 447 2634 τοσοῦτον
479 2565 558 2648 ἀξιῶ
588 2581 726 2636 σκοπεῖν
753 2565 832 2646 τοὺς
860 2562 1143 2654 ἀκροωμένους,0

83 2665 136 2737 ὅτι
168 2672 230 2738 τοῦ
261 2677 375 2757 τρίτου
408 2680 529 2761 μορίου
562 2677 619 2762 τής
653 2672 755 2763 ἀρχής
786 2669 957 2752 καθεστῶς
989 2671 1104 2762 κύριος

84 2771 241 2863 οὐδαμῶς
268 2774 352 2866 πρὸς
374 2776 434 2847 τὸν
456 2779 602 2868 πόλεμον
627 2783 796 2870 ἐρρῶσθαι
820 2781 1017 2864 δοκοῦντος,
1042 2776 1103 2866 οὐχ

45 2910 72 2952 εε
85 2878 215 2968 ὅπλοις,
240 2880 302 2951 οὐκ
326 2882 469 2972 ἀνδράσι
491 2902 561 2966 τοῖς
585 2887 874 2976 στρατευομένοις,
898 2881 1013 2953 οὐδενί
1036 2887 1104 2952 τῶν

85 2984 211 3074 ἀλλων,
241 2987 303 3058 ὅσα
330 2989 414 3081 πρὸς
440 2996 637 3080 τηλικοῦτον
665 2992 810 3080 πόλεμον
834 2993 933 3078 ἐχρήν
957 2994 1103 3080 ἐπιρρεῖν

155 3245 168 3291 1
192 3235 230 3301 ῶς
249 3245 316 3295 Rsk.
337 3251 365 3296 et
387 3244 426 3310 Η]
452 3241 495 3305 οἷς
566 3250 627 3297 let
651 3249 666 3295 2
690 3238 884 3309 ἀπωσάμεθα]
912 3243 952 3298 Cf.
972 3237 1105 3297 ῶθουντο

87 3308 155 3389 531)
173 3315 201 3360 et
219 3312 284 3360 64Β
354 3305 488 3377 ὁΙίάρου
506 3310 580 3380 Fen]
600 3312 703 3378 καιροῦ
720 3314 724 3377 l
740 3303 828 3376 ὅσπερ
843 3313 913 3390 ‚Rsk
932 3319 960 3362 et
979 3310 1102 3393 Sabaei]

85 3390 186 3441 ωσπερ.
213 3377 304 3431 Verba
321 3381 350 3429 in
367 3387 421 3446 pet.
435 3382 516 3432 uncis
528 3381 635 3432 inclusa
654 3382 747 3432 om.M
800 3376 927 3447 θηρέθη
946 3381 970 3429 V
1021 3383 1053 3429 10
1072 3378 1104 3429 δε

87 3444 151 3524 ηδδ.
173 3443 232 3493 VM
311 3452 340 3498 11
367 3440 480 3515 ἀπάσης
503 3446 573 3516 VM]
597 3442 691 3516 πάσης
770 3451 801 3498 15
825 3442 956 3504 δεδιότες
980 3443 1103 3511 Sehaefi]

85 3510 208 3572 αδοντες
230 3512 303 3580 VM,
326 3504 346 3567 ἀ
369 3510 484 3575 ἰδόντες
507 3533 524 3568 ν
595 3518 625 3567 16
649 3510 814 3582 περιόντος]
840 3508 989 3579 περιόντος
1013 3508 1054 3565 ἐτι
1078 3514 1104 3562 Η

86 3582 121 3631 23
138 3579 289 3640 καθεστὼς
306 3576 403 3651 κάρτος
421 3581 458 3650 V]
480 3575 578 3649 κύριος
597 3575 747 3642 καθεστῶς
