2392 3960
107 149 149 214 94
407 150 549 202 IULIANI
572 149 816 202 IMPERATORIS

68 277 223 360 Οόπλοις
254 281 311 348 καί
342 291 457 367 κρατεῖ
487 280 689 368 ξυμβουλίηι,
722 268 765 348 οῦ
797 276 834 347 δὲ
866 277 974 365 μόνον
1007 280 1125 367 ἐδέησε

105 385 254 474 γνώμης,
285 385 389 474 ταύτη
421 387 568 476 κυβερνᾷ
595 386 651 453 καὶ
683 384 912 473 κατεργάζεται
944 385 1124 473 πράγματα

104 495 265 578 τοσαῦτα,
293 489 400 560 ὁπόσα
428 488 508 560 οῦδὲ
537 486 554 559 ὁ
584 495 722 580 σίδηρος
749 492 870 572 ἐξελεῖν
899 490 1037 578 ἰσχύσει.

182 595 267 666 Ἀλλ’
299 596 411 685 ἐπειδὴ
439 595 522 666 καθ’
552 593 694 666 αῦτὸνδ
718 597 818 683 λόγος
845 596 1032 686 φερόμενος
1049 594 1124 686 ἥκει

104 705 207 774 πάλαι
238 709 358 775 ποθοῦν
389 702 451 792 την
478 704 612 786 ξύνεσιν
645 706 794 772 ἐπαινεῖν
826 704 882 771 καὶ
909 703 971 792 τὴν
999 700 1150 790 εύβου-ι

105 817 196 898 λίαν,
233 807 427 881 ἀποδοτέον.
476 813 532 880 καί
569 806 653 896 ὑπὲρ
688 811 820 880 τούτων
856 806 951 897 ὀλίγα
990 807 1123 879 ἅπαντα

106 919 363 1006 διεληλύθαμεν·
392 913 499 987 ὁπόσα
522 916 560 985 δὲ
587 913 668 1005 ἡμῖν
691 920 847 1005 ἐφαίνετο
874 915 958 1004 πρὸς
983 915 1025 986 τά
1053 920 1123 985 τῶν

60 1020 225 1114 θηρείων
266 1028 403 1093 ἐκείνων
445 1030 533 1112 ἔχειν
574 1024 780 1110 ξυγγένειαν,
822 1023 949 1110 μεγάλα
990 1037 1123 1113 μικροῖς

104 1131 301 1216 εἰκάζοντες,
330 1127 375 1198 δι’
407 1125 586 1218 ὁμοιότητα
614 1133 792 1217 δηλοῦμεν.
839 1131 943 1218 δῆλον
971 1129 1009 1198 δὲ
1038 1127 1121 1199 ἀπο-

104 1240 264 1324 βλέψαντι
295 1235 379 1326 πρὸς
408 1233 446 1305 τὸ
474 1240 532 1324 τῆς
564 1239 776 1325 παρασκευῆς
808 1238 951 1323 μέγεθος
978 1237 1034 1305 καί
1062 1238 1159 1326 τῆςιο

104 1343 301 1430 δυνάμενος
331 1341 394 1431 την
429 1349 638 1432 περιουσίαν.
683 1342 757 1411 τότε
789 1341 855 1431 γάρ
887 1339 910 1429 η’
941 1369 976 1411 τε
1004 1338 1122 1424 Ἑλλάς

104 1453 273 1538 ἐκεκίνητο
306 1449 460 1537 ξύμπασα
487 1452 543 1518 καὶ
573 1451 715 1539 Θρακῶν
747 1464 848 1538 μοῖρα
875 1449 931 1517 καί
958 1449 1121 1518 Παιόνων

104 1555 141 1624 τό
169 1583 203 1625 τε
230 1557 291 1623 τοῦ
318 1556 474 1645 Πριάμου
504 1555 635 1642 ξύμπαν
662 1551 825 1644 ὑπήκοον,

176 1676 302 1749 ’Όσσον
329 1682 460 1766 Λέσβος
487 1686 551 1748 ἔσω
581 1679 744 1768 Μάκαρος
771 1681 847 1760 ἕδος
874 1678 968 1760 ἐντὸς
996 1681 1102 1768 ἐέργει

183 1788 250 1853 Καὶ
271 1793 401 1874 Φρυγίη
420 1784 617 1873 καθύπερθε
635 1787 691 1854 καὶ
702 1782 943 1873 Ἑλλήσποντος
961 1782 1118 1874 ἀπείρων.
1132 1810 1155 1855 ιι

51 1931 85 1982 74
102 1907 143 1977 τά
171 1909 208 1978 δέ
226 1913 293 1978 νῦν
312 1915 395 1998 έθνη
425 1909 586 1979 συνιόντα
610 1917 743 1997 βασιλεῖ
766 1912 822 1979 καί
842 1913 1120 1998 συμπολεμοῦντα

102 2014 163 2085 τὸν
198 2017 345 2105 πόλεμον
378 2018 434 2085 καί
465 2015 545 2097 τοῦς
583 2014 862 2104 ἀντιταξαμένους
898 2026 1119 2105 καταριθμεῖν

102 2121 146 2212 μὴ
174 2125 274 2213 λῆρος
300 2114 322 2212 ᾖ
348 2124 405 2191 καί
438 2129 587 2211 φλυαρία
618 2121 752 2212 περιττὴ
779 2125 836 2192 καὶ
867 2130 945 2191 λίαν
972 2119 1119 2211 ἀρχαῖος.

103 2227 170 2322 ὅσην
200 2229 237 2298 δὲ
269 2236 400 2317 μείζους
428 2233 465 2296 αἰ
491 2233 671 2298 συνιοῦσαι
698 2229 871 2316 δυνάμεις,
898 2229 1049 2322 τοσούτῳ
1076 2227 1118 2298 τά

102 2342 182 2424 ἔργα
209 2337 392 2425 προφέρειν
420 2335 520 2415 εἰκός·
550 2333 634 2404 ὥστε
662 2334 790 2423 ἀνάγκη
818 2337 874 2404 καὶ
901 2338 1006 2403 ταῦτα
1034 2337 1116 2404 ἐκεί·
1130 2362 1155 2404 εο

100 2470 172 2510 νων
208 2439 408 2531 ὑπεραίρειν.
462 2441 584 2530 πλήθει
621 2470 659 2529 γε
695 2440 762 2530 μὴν
802 2445 869 2511 ποῦ
906 2467 986 2510 ποτε
1022 2439 1118 2522 ἀξιον

101 2555 299 2636 συμβαλεῖν;
333 2551 368 2614 οί
397 2548 458 2635 μὲν
490 2546 554 2637 γάρ
586 2550 661 2638 περί
694 2551 770 2636 μιῦς
802 2548 962 2636 ἐμάχοντο
990 2547 1119 2630 πόλεως

101 2657 259 2742 ξυνεχοῦς,
291 2655 347 2721 καὶ
380 2652 457 2723 οῦτε
491 2654 631 2744 (Τρῶες)
664 2652 825 2723 ἀπελάσαι
857 2653 936 2735 τοῦς
965 2651 1118 2742 Ἀχαιοῦς

169 2859 341 2932 1εύβουλία
360 2869 448 2929 wytt.
479 2865 553 2916 Fort.
575 2861 628 2928 ξῦν
646 2857 782 2931 εύβουλία
843 2856 1030 2931 3ὁσίδηρος
1048 2861 1117 2930 VM]

100 2933 216 3012 ηίδηρος
243 2916 396 3010 Ιθέξελεῖν]
417 2926 545 2985 ἐκτελεῖν
563 2935 590 2983 H
617 2933 621 2995 Ι
649 2925 770 2999 ἰσχύσει]
796 2933 851 2983 Aut
869 2926 961 3016 ίσηύει
981 2938 1030 2983 aut
1048 2925 1116 2984 οὐδ’

99 3018 137 3052 αν
153 3035 187 3043 -
205 2997 349 3066 ίσχυσειεν
372 3001 542 3053 scn'bendum
611 3003 627 3050 5
650 2993 784 3052 ἐπαινεῖν
805 2997 855 3051 καλ
877 3017 931 3067 την
956 2994 1117 3067 εῦβουλίαν

102 3068 135 3136 V]
153 3067 202 3120 καί
220 3066 274 3121 τ“ν
293 3063 446 3136 εύβουλίαν
465 3062 599 3120 ἐπαινεῖν
668 3071 684 3119 6
702 3058 829 3133 ἅπαντα]
849 3070 925 3121 Fort.
943 3063 1035 3121 πάλαι
1099 3075 1116 3124 9

99 3087 258 3202 δηλοῦμειδ
287 3132 451 3205 διήλθομεν
477 3142 526 3188 aut
553 3132 739 3204 διηγούμεθα
766 3137 833 3187 Rsk.
916 3139 947 3188 12
974 3135 1062 3204 μοίρα
1088 3139 1116 3191 V

634 3214 650 3242 α

535 3201 552 3258 ἰ

100 3260 132 3308 13
150 3252 265 3321 ξύμπαν
283 3248 417 3334 ύπήκοοη
431 3256 464 3320 V,
484 3246 599 3318 ξύμπαν
617 3247 749 3336 ῦπηκμον
761 3255 798 3316 Μ,
819 3247 949 3336 ύπήκοογ
969 3247 1086 3322 ξύμπαν
1097 3273 1117 3308 v

100 3323 230 3402 1411μιᾱ.
250 3327 347 3387 ω,544
370 3321 375 3390 Ι
401 3338 470 3376 οσον
488 3323 547 3372 VM
571 3323 579 3403 η
604 3320 746 3391 ἐσω1ανιο
763 3323 843 3374 Hom.
867 3324 872 3390 Ι
898 3323 1115 3405 μακαροςηλίΜ]

98 3388 379 3581 λμῖλαίζῖβᾶἰῖἑὶά
400 3391 769 3526 εαόῖίῗιῗῖίεὶλθεάάΜ
808 3393 938 3511 κάθιδίί
952 3388 1117 3526 {IIII

127 3545 196 3591 ρωες
217 3545 234 3580 α
274 3567 280 3579 .
