2370 3908
87 364 205 425 μονον,
233 335 316 406 ἀλλά
342 338 400 407 καὶ
426 335 517 427 παρὰ
542 340 611 406 τῶν
629 334 740 406 ἀλλων
766 338 861 405 θεῶν
888 341 1037 426 σπείρειν
1056 341 1102 418 είς

88 445 168 532 γῆν,
195 440 250 530 ἐφ’
281 441 300 512 ὅ
326 471 358 512 τι
386 443 424 512 δὲ
450 447 560 533 χρῆμα
588 445 751 531 δηλοῦσιν
779 434 880 512 αὗται
905 457 976 524 τοῖς
1003 449 1102 531 βίοις,

89 545 149 630 οὓς
174 552 424 639 προαιροῦνται.
469 551 646 619 κάλλιστον
673 548 735 637 μὲν
763 540 842 636 οὖν,
870 558 904 618 εί
925 576 972 642 τφ
1000 552 1102 638 ξυνη-

86 657 191 743 νέχθη
220 657 276 724 καὶ
303 654 368 745 πρὸ
400 663 571 747 τριγονίας
598 653 662 725 ἀπὸ
694 659 829 726 πολλῶν
855 655 946 725 πάνυ
971 682 1102 747 προπα-

85 761 196 851 τόρων
223 763 342 851 ἐφεξῆς
371 766 418 857 τῷ
445 767 516 856 θεῷ
549 765 745 850 δουλεῦσαι,
778 760 927 851 μεμπτὸν
954 761 993 830 δὲ
1022 760 1129 832 ούδδὸ

52 864 188 955 Βόστις,
216 867 410 956 ἐπεγνωκὼς
438 868 560 939 ἑαυτὸν
586 872 648 938 τού
675 872 761 938 θεοῦ
779 871 880 938 τοῦδε
906 869 1104 958 θεράποντα

87 975 202 1060 φύσει,
230 975 333 1062 μόνος
359 979 393 1058 ἐξ
421 972 579 1046 ἀπάντων
605 972 626 1064 ἢ
654 973 718 1057 ξύν
745 971 872 1062 ὀλίγοις
898 970 1008 1045 αὑτὸν
1033 978 1104 1045 ἐπι-

86 1085 207 1149 δίδωσι
234 1085 274 1170 τῇ
302 1089 466 1172 θεραπεία
493 1085 554 1151 τοῦ
582 1083 757 1151 δεσπότου.

169 1190 254 1276 Φέρε
282 1179 360 1275 οὖν,
394 1186 484 1270 ὅπως
511 1184 583 1278 (ἀν)
612 1183 679 1258 οἷοί
705 1215 741 1257 τε
768 1179 872 1276 ἀμεν,
899 1183 1105 1278 ὑμνήσομεν

89 1290 195 1363 αὐτοῦ
226 1292 288 1381 τὴν
320 1295 453 1383 ἑορτήν,
485 1291 529 1384 ἣν
555 1291 576 1383 ἡ
603 1295 830 1382 βασιλεύουσα
859 1294 957 1376 πόλις
987 1297 1104 1383 ἐπετη-
1119 1316 1143 1356 1⁰

112 1408 172 1480 τὀις
198 1395 333 1486 ἀγάλλει
359 1407 506 1482 θυσίαις.
543 1407 613 1471 ἔστι
639 1401 701 1490 μὶν
724 1392 798 1488 οὖν,
826 1392 865 1470 εὖ
892 1398 981 1488 οἶδα,
1008 1410 1104 1489 χαλε-

98 1492 127 1554 μ
136 1535 153 1572 ν
179 1508 234 1574 ιιαὶ
262 1504 299 1574 τὸ
333 1509 482 1589 ξυνεῖναι
514 1509 589 1597 περὶ
616 1505 723 1578 αὐτοῦ
749 1508 872 1596 μόνον,
900 1503 1027 1589 ὁπόσος
1053 1514 1106 1589 τίς

145 1640 183 1680 ιν
206 1608 224 1681 ὁ
253 1609 387 1702 ἀφανὴς
404 1617 440 1682 ἐκ
467 1617 530 1682 τοῦ
547 1617 699 1704 φανεροῦ
726 1615 946 1707 λογισαμένφ,
973 1613 1106 1704 φράσαι

144 1728 233 1800 Ι”σως
260 1715 447 1807 ἀδύνατον,
474 1726 506 1789 εί
530 1722 587 1790 καὶ
614 1725 672 1809 της
699 1718 793 1803 ἀξίας
820 1726 958 1790 ἔλαττον
984 1720 1104 1808 ἐθελή-

85 1863 151 1897 σειε
180 1854 237 1908 τις.
284 1828 462 1914 ἐφικέσθαι
489 1825 632 1917 μὲνγὰρ
650 1831 712 1896 τοῦ
738 1825 822 1917 πρὸς
840 1824 938 1909 ἀξίαν
965 1817 1005 1895 εὖ
1024 1818 1104 1896 οῖδα
1118 1845 1144 1887 1⁶

87 1933 137 2002 ότι
168 1935 237 1999 των
269 1928 434 2003 ἁπάντων·
459 1930 573 2016 οὐδεὶς
604 1929 647 2002 ἀν
679 1934 834 2021 δύναιτο,
865 1936 928 2003 τού
964 1938 1104 2023 μετρίου

87 2040 124 2108 δὲ
151 2036 196 2127 μη
224 2044 418 2130 διαμαρτεῖν
445 2044 482 2109 ἐν
499 2055 571 2122 τοῖς
597 2043 745 2122 ἐπαίνοις
762 2038 801 2110 τὸ
829 2039 1013 2128 κεφάλαιόν
1032 2042 1104 2108 ἐστι

85 2150 144 2234 τῆς
172 2142 390 2236 ἀνθρωπίνης
415 2148 453 2216 ἐν
479 2147 724 2240 τῷδύνασθαι
752 2145 890 2239 φράζειν
917 2145 1103 2234 δυνάμεως.

87 2248 159 2319 ἀλλ’
195 2258 306 2340 ἔμοιγε
336 2253 461 2321 τούτου
492 2259 681 2342 παρασταίη
713 2251 844 2340 βοηθὸς
875 2249 894 2321 ό
920 2277 957 2321 τε
987 2251 1104 2338 λόγιος

83 2352 204 2447 Ἑρμῆς
235 2357 297 2439 ξὺν
327 2374 400 2440 ταῖς
431 2358 589 2440 Μούσαις
621 2356 641 2427 ό
672 2385 707 2428 τε
735 2359 958 2447 Μουσηγέτης
985 2354 1103 2428 Ἀπόλ-
1118 2378 1144 2418 ¹⁰

46 2472 168 2551 Βλων,
197 2466 266 2533 ἐπεὶ
293 2467 349 2534 καὶ
378 2461 469 2557 αύτῷ
496 2465 656 2554 προσήκει
683 2468 752 2534 τῶν
779 2464 900 2552 λόγων,
926 2465 984 2534 καὶ
1008 2469 1104 2534 δοίεν

87 2570 125 2637 δὲ
162 2576 267 2640 εἰπεῖν
300 2568 407 2640 ὁπόσα
437 2586 509 2652 τοῖς
540 2582 634 2652 θεοῖς
666 2579 748 2658 φίλα
784 2573 946 2659 λέγεσθαί
978 2596 1013 2640 τε
1045 2572 1104 2641 ιιαὶ

86 2677 303 2745 πιστεύεσθαι
340 2678 415 2766 περὶ
452 2675 573 2746 αὐτῶν.
622 2684 672 2758 τίς
704 2669 769 2747 οὖν
800 2674 819 2747 ὁ
850 2666 986 2767 τρόπος
1009 2683 1104 2747 ἔσται

85 2785 154 2850 τῶν
186 2785 349 2867 ἑπαίνων;
382 2779 403 2872 ἢ
432 2787 536 2872 δῆλον
568 2781 619 2853 ότι
650 2785 726 2873 περὶ
753 2787 812 2873 τῆς
843 2780 962 2866 οὐσίας
993 2780 1105 2856 αὐτοῦ
1140 2800 1149 2883 γ

86 2890 142 2956 καὶ
170 2887 254 2959 ὅθεν
281 2893 431 2980 προῆλθε
458 2892 514 2960 καὶ
532 2895 601 2960 των
629 2890 808 2979 δυνάμεων
830 2891 886 2959 καὶ
912 2892 982 2959 τῶν
1010 2893 1104 2982 ἕνερ-
1143 2886 1149 2899 ’

86 2999 187 3080 γειων
215 2997 421 3083 διελθόντες,
454 2993 575 3067 ὁπόσαι
608 2999 752 3087 φανεραὶ
785 2993 862 3066 ὅσαι
888 2992 918 3064 τ’
948 2992 1106 3087 ἀφανεῖς,

86 3103 142 3168 καὶ
169 3104 244 3193 περὶ
271 3106 329 3191 τῆς
355 3107 424 3172 των
452 3101 592 3190 ἀγαθῶν
620 3103 761 3191 δόσεως,
792 3099 837 3192 ἣν
863 3100 947 3172 κατὰ
973 3100 1107 3187 πάντας

586 207 798 260 [PERATORIS

55 1375 81 1430 B

87 3312 143 3372 est,
167 3308 250 3374 paulo
274 3315 338 3374 post
361 3307 484 3375 σπείρων
508 3309 682 3361 scribendum
767 3312 783 3360 λ
807 3296 896 3362 αὗται
913 3303 992 3375 libri]
1011 3303 1121 3362 αδταλ.

87 3373 289 3444 θξυνηνέχθη
308 3374 344 3441 V]
364 3372 531 3443 συνηνέχθη
618 3368 757 3446 ἵφύσει]
783 3378 817 3428 εδ
835 3392 922 3443 marg.
941 3376 1007 3427 Mb:
1034 3373 1066 3427 ίσ
1109 3404 1113 3409 -

87 3443 180 3523 φῦναι
206 3442 211 3509 Ι
237 3439 326 3511 μόνος
343 3443 453 3495 VMbF
483 3440 599 3511 μόνονΙ
627 3439 679 3509 ξύν
697 3443 733 3510 V]
753 3437 808 3496 σύν
876 3435 988 3503 9όπως
1004 3432 1045 3495 διν
1147 3468 1149 3475 ·

87 3529 164 3571 οπως
234 3515 266 3562 12
285 3510 415 3576 ξυνεῖναι
432 3514 457 3561 V
486 3516 619 3565 συνεῖναι
688 3516 720 3564 16
738 3506 843 3572 ούθελς
859 3510 1000 3563 vum

88 3574 140 3645 ξύν
159 3577 194 3644 V]
215 3575 268 3632 σύν
335 3583 369 3631 22
387 3575 421 3632 δὲ
439 3579 478 3646 Η]
498 3597 528 3632 τε
597 3582 630 3632 26
648 3597 679 3633 τε
697 3581 763 3632 libri
