2370 3908
373 150 578 205 ιιειενοιειι
598 156 639 207 ιι.
657 156 700 206 18.
718 156 760 205 ιο.
1006 153 1071 219 499

55 284 222 371 διπλῶσαι,
254 290 323 355 τῶν
349 287 461 374 λόγων
489 283 540 367 οἷς
562 293 625 376 ἔχω
649 308 686 356 σε
708 303 840 377 πτεροῖς
862 290 1070 378 μετέρχομαι,

55 393 111 458 καὶ
134 392 254 479 γράφω
277 394 332 460 καὶ
357 393 489 481 σύνειμι
511 393 572 462 τὸν
596 394 744 464 δυνατὸν
765 394 899 483 τρόπον.
938 396 1072 477 πάντως

55 521 121 565 που
143 499 199 565 καὶ
214 497 366 586 Ὄμηρος
389 498 512 579 αὐτοὺς
534 499 596 570 οὐκ
618 499 723 570 ἀλλον
745 528 806 571 του
829 506 928 593 χάριν
950 498 970 589 ἢ
994 500 1070 570 τού-

55 631 117 671 του
152 602 346 690 πτερόεντος
381 602 549 694 ὀνομάζει,
586 606 672 674 διότι
706 610 870 677 δύνανται
896 614 1071 697 ’πανταχοῦ

29 713 193 796 εφοιτᾶν,
223 708 332 797 ὥσπερ
361 715 397 779 οἰ
420 710 596 798 ταχύτατοι
618 717 687 781 τῶν
710 705 863 801 όρνίθων
885 705 907 804 ᾗ
930 710 974 783 ἀν
995 716 1114 797 ,scs-1)

55 825 162 883 λωσιν
188 814 349 905 ᾅττοντες.
395 816 504 906 γράφε
526 818 563 885 δὲ
586 819 642 888 κοιλ
666 815 783 905 αὐτός,
815 812 978 907 ῶφίλος·
1015 830 1071 908 ἴση

55 922 120 1009 γὰρ
149 919 258 1006 δήπου
281 941 336 990 σοι
357 927 426 991 τῶν
447 922 638 1009 λόγων,ἐί
658 923 703 1010 μὴ
727 924 783 992 καί
806 931 939 1014 μείζων,
965 924 1072 1014 ὑπάρ-

56 1055 105 1115 χει
129 1026 176 1114 [ἡ]
206 1027 381 1114 πτέρωσις,
412 1020 434 1117 ᾖ
461 1028 541 1108 τοὺς
563 1029 721 1116 ἑταίρους
742 1038 902 1117 μεταθεῖν
927 1031 1072 1102 δύνασαι
1170 1032 1171 1037 ’

55 1134 111 1200 καί
134 1133 349 1221 πανταχόθεν
371 1131 416 1214 ῶς
437 1133 555 1222 παρῶν
577 1132 783 1223 εὐφραίνειν.

18 1320 43 1358 ιο
282 1291 346 1371 Χιθ’.
379 1290 598 1374 Ἰουλιανὸς
616 1291 839 1386 Ἑκηβολίφ.

145 1414 307 1507 Πινδάρῳ
335 1417 397 1504 μὲν
424 1416 589 1506 ἀργυρέας
611 1415 698 1486 εἰναι
723 1421 818 1487 δοκεῖ
837 1417 895 1499 τδις
917 1418 1071 1505 Μούσας,

56 1523 161 1590 οἱονεὶ
184 1521 221 1591 τὸ
246 1527 389 1609 ἔκδηλον
412 1522 524 1593 αὐτῶν
546 1526 601 1592 καὶ
625 1525 807 1611 περιφανές
828 1528 888 1613 τῆς
903 1526 1020 1613 τέχνης
1039 1528 1124 1606 έςεδλ

55 1627 92 1695 τὸ
123 1631 181 1714 τῆς
208 1628 290 1717 ὕλης
312 1629 543 1718 λαμπρότερον
566 1627 790 1712 ἀπεικάζοντι’
824 1629 968 1719 Ὅμηρος
991 1634 1028 1701 δὲ
1052 1630 1112 1700 ότι

56 1733 163 1821 σοφὸς
189 1736 250 1804 τόν
276 1763 311 1803 τε
338 1734 489 1824 άργυρον
517 1734 696 1822 αἰγλήεντα
722 1738 811 1821 λέγει
838 1737 954 1806 καὶτὸ
979 1737 1072 1829 ὕδωρ

16 1867 41 1906 15
56 1837 224 1928 ἀργύρεον
253 1841 422 1929 ὀνομάζει,
454 1842 606 1929 καθάπερ
634 1839 733 1928 ἡλίου
754 1850 921 1929 καθαραῖς
943 1842 1073 1915 ἀκτῖσιν

54 1943 146 2039 αὐτῷ
173 1953 218 2042 τῷ
247 1951 306 2034 τῆς
329 1947 459 2027 εἰκόνος
481 1951 614 2040 φαιδρῷ
639 1946 896 2036 μαρμαρύσσον·
938 1952 1071 2039 Σαπφὼ

55 2052 119 2144 (δ’)
156 2053 177 2141 ἡ
214 2054 297 2141 καλὴΙ
334 2053 397 2140 τὴν
419 2052 577 2141 ’σελήνην
609 2050 779 2142 ἀργυρέαν
812 2055 895 2141 φησί
927 2057 983 2124 καί
1015 2056 1072 2126 διδι

54 2166 154 2230 τοῦτο
191 2165 259 2228 τῶν
295 2158 408 2227 ἀλλων
443 2157 593 2247 ἀστέρων
629 2156 852 2247 ἀποκρύπτειν
888 2159 951 2248 τὴν
982 2161 1072 2244 όιγιν.

56 2267 145 2337 οὕτω
177 2269 233 2336 καὶ
264 2276 360 2346 θεοῖς
391 2264 452 2333 τὸν
479 2264 630 2354 ἀργυρον
656 2268 786 2352 μᾶλλον
812 2261 834 2352 ἢ
860 2266 922 2335 τὸν
945 2268 1072 2358 χρυσὸν

16 2397 42 2436 ²0
57 2374 220 2445 εἰκάσειεν
243 2371 287 2441 ἀν
309 2399 359 2452 τις
380 2372 532 2459 πρέπειν·
555 2368 750 2459 ἀνθρώποις
772 2397 809 2458 γε
832 2371 900 2460 μὴν
919 2371 972 2442 ότι
989 2374 1114 2463 πρὸςΒ

128 2561 140 2604 1
160 2548 291 2604 διπλῶσαι
309 2552 380 2603 idem
396 2552 424 2604 h.
442 2553 460 2602 l.
479 2551 666 2604 videturesse
685 2550 758 2616 quod
776 2545 908 2604 διπλῶσαι
926 2543 962 2604 τοὶ
980 2547 1072 2620 πτερά

59 2623 62 2689 λ
83 2618 140 2672 τῶν
160 2615 251 2686 λόγων
277 2619 416 2683 Heylcrus
434 2619 546 2685 scripsit
568 2618 841 2674 stbcht.1863
864 2618 993 2674 ΗείδοΙλ).
1012 2622 1072 2684 356,

57 2683 108 2741 τὸν
128 2681 214 2753 λόγον
233 2689 258 2738 V
270 2692 351 2738 mart.
365 2692 418 2753 pet.
432 2687 527 2753 spanh.
552 2686 617 2750 „sie
633 2685 779 2752 distinguo
798 2691 827 2737 st
843 2687 871 2737 le
892 2703 922 2738 οι
941 2680 1072 2739 διπλῶσαι

57 2757 188 2821 (subaudi
205 2753 238 2807 τὸ
256 2753 336 2820 σῶμα
355 2771 369 2805 e
386 2756 568 2820 praemissis),
595 2749 651 2804 τῶν
671 2745 776 2820 λόγων,
802 2748 845 2814 οἰς
864 2702 931 2821 ἔχοι,
955 2769 986 2807 σε
1003 2771 1072 2807 ms-

56 2829 126 2888 ροῐς.
146 2824 217 2888 quod
235 2828 347 2883 natura,
369 2838 440 2888 quac
457 2838 500 2874 ms
518 2821 638 2873 vinculis
656 2821 780 2887 corporis
796 2821 909 2874 humani
928 2823 1071 2882 conclusit,

57 2893 127 2944 iilud
149 2906 247 2955 corpus
270 2890 367 2941 volatu
388 2891 417 2939 in
439 2905 521 2941 auras
545 2890 690 2942 sublevare
713 2889 841 2953 negavit,
871 2890 932 2940 ideo
957 2890 1009 2941 alis
1026 2891 1071 2952 iis,

56 2975 127 3026 quae
149 2957 216 3008 mihi
240 2957 314 3007 solae
337 2963 414 3017 sunt,
440 2957 579 3008 literarum
596 2962 664 3022 puts
683 2960 766 3021 atque
784 2955 1014 3036 disputationunff',
1043 2964 1071 3008 te

56 3025 245 3078 assectsb0r“.
263 3025 329 3075 Rsk.
382 3027 398 3073 3
416 3039 473 3075 που
491 3039 542 3076 om.
560 3039 628 3102 ιρις.
646 3023 714 3074 Gen.
730 3025 735 3087 Ι
750 3013 840 3074 ἄλλον
858 3040 909 3076 τον
927 3021 962 3090 V]
982 3024 1072 3076 αλλον

56 3095 108 3146 τοῦ
128 3112 159 3154 v,
177 3086 268 3144 ἀλλον
286 3086 362 3151 τινός
380 3080 398 3156 ἢ
418 3084 523 3143 τούτου
542 3105 627 3224 χάριν
644 3088 730 3140 Hrch.
755 3105 758 3111 ·
798 3091 996 3157 tuoevzoexos‘?
1056 3093 1072 3142 ὅ

57 3149 91 3229 ἦ]
112 3156 143 3213 οῖ
158 3160 212 3211 Pbi
280 3146 336 3209 θῶ
353 3158 480 3223 φίλοςί
498 3164 576 3210 mart.
609 3143 718 3223 ὦφλλε
774 3149 931 3222 8ἡ1ἰλιιοε
948 3175 1013 3210 suos
1031 3174 1072 3209 se·

58 3216 141 3281 'cutus
159 3228 259 3279 delevit
277 3227 380 3292 Hcyler
395 3227 400 3290 l
414 3227 556 3294 μεταθεῖν
575 3219 675 3292 Wytt]
694 3224 871 3291 μεταθεῖναι
917 3229 933 3278 9
952 3217 1072 3291 εύφραί-

56 3297 160 3356 νειςλί
222 3297 253 3346 10
272 3286 412 3362 ἕκηβολίω
429 3292 465 3360 V]
479 3285 626 3360 Ἑκηβόλῳ
683 3295 714 3343 11
733 3286 1072 3362 Πινδάρφ]1·“ιεςιιι.372

57 3365 160 3429 Bergk.
233 3367 263 3413 12
282 3356 311 3422 ἐς
329 3364 354 3414 V
371 3376 437 3426 mrg.
456 3358 537 3427 Gen]
557 3356 600 3420 εἰς
669 3360 701 3412 15
720 3352 836 3412 άκτίσιν
855 3351 927 3414 αὖτδ
945 3361 990 3439 V,
1040 3362 1071 3410 16

57 3426 334 3498 άντιμαρμαρύσσον
353 3431 420 3481 Rsk.
436 3433 441 3490 Ι
458 3425 583 3495 Σαπφὼ]
600 3428 709 3493 Frsgm.
727 3429 743 3478 3
761 3429 863 3494 Bergk
911 3430 942 3479 1⁷
962 3425 980 3478 δ
1010 3425 1071 3476 add.

58 3501 183 3552 Sintcnis
252 3502 286 3551 20
303 3487 341 3549 ἀν
359 3494 415 3564 τις]
436 3492 478 3558 εἰς
497 3491 527 3549 σὲ
546 3497 570 3547 V
668 3543 671 3548 .

804 3575 860 3634 32*
