2370 3908
102 189 144 254 88
405 190 549 243 IULIANI
571 187 829 271 ιαουιιαυοιαο,

101 322 207 388 ταῦτα
235 317 300 409 γὰρ
329 313 435 385 αὐτοῦ
463 319 524 405 μέν
550 343 643 396 τινος
662 319 768 384 οἰκεῖα
794 312 953 401 κτήματα,
980 308 1025 383 οὐ
1051 313 1121 402 μήν

103 428 171 493 έστι
199 429 303 494 ταῦτα
331 420 444 504 αὐτός·
473 420 555 492 ἀλλὰ
582 425 631 514 νῷ
658 423 715 490 καὶ
738 419 912 510 φρονήσει,
939 425 1036 508 φησί,
1062 421 1121 488 καὶ

50 551 84 601 69
102 530 140 599 τὸ
170 529 251 601 ὅλον
277 534 323 624 τῷ
357 532 393 599 έν
421 525 501 618 ῆμῐν
532 532 615 621 θεῷ·
649 525 667 597 δ
695 525 737 616 δῆ
765 528 821 595 καλ
848 523 950 607 αὐτὸς
979 526 1120 615 ἑτέρωθι

103 637 312 726 κυριώτατον
344 639 381 704 ἐν
413 631 493 724 ῆμλν
520 638 629 723 ψυχῆς
661 631 751 714 εἶδος
778 639 860 721 ἔφη,
891 634 948 701 καὶ
980 627 1026 714 ὥς
1052 629 1120 722 ἀρα

104 741 209 812 αὐτὸν
246 750 391 832 δαίμονα
427 740 508 824 θεὸς
545 742 670 833 ἑκάστῳ
708 742 847 826 δέδωκε,
883 740 984 808 τοῦτο
1021 733 1041 807 δ
1072 738 1144 829 δήι

103 878 215 937 φαμεν
243 857 348 920 οἰκεῖν
380 848 441 938 μὲν
468 844 564 938 ῆμῶν
591 845 641 916 ἐπ’
672 844 763 938 ἀκρῳ
795 848 841 938 τῷ
869 845 1008 933 σάματι,
1035 844 1121 935 πρὸς

104 956 141 1027 δὲ
168 956 230 1046 τῆν
258 960 295 1026 ἐν
323 955 459 1047 οὐρανῷ
487 956 682 1041 ξυγγένειαν
706 951 771 1022 ἀπὸ
799 954 862 1041 γῆς
887 948 975 1041 ήμάς
1001 961 1119 1041 αἴρειν.

104 1065 137 1143 ἐς
167 1067 268 1132 τοῦτο
302 1062 365 1151 γὰρ
399 1069 507 1131 ἔοικεν
539 1061 721 1129 ἐπιτάττειν
754 1057 965 1148 ἀνηρτῆσθαι
997 1060 1120 1148 χρῆναι

104 1169 229 1260 ἑκάστῳ
262 1166 377 1257 ἀνδρί,
409 1169 465 1236 καὶ
497 1164 560 1236 οὐκ
591 1173 639 1247 εἰς
670 1163 793 1248 ἀλλους
829 1161 1049 1253 ἀνθρώπους,
1086 1171 1123 1234 οἳ

103 1272 143 1342 τὰ
162 1274 223 1362 μὲν
242 1272 325 1343 ἀλλα
348 1272 506 1362 βλάπτειν
528 1275 585 1343 καὶ
607 1273 750 1343 κωλύειν
769 1275 943 1353 ἐθέλοντες
959 1270 1120 1353 πολλάκις
1133 1301 1156 1343 ιο

104 1380 336 1469 ἐδυνήθησαν·
369 1379 434 1469 ῆδη
467 1381 507 1448 δέ
536 1407 624 1460 τινες
655 1380 711 1448 καὶ
742 1378 787 1468 μή
820 1377 1021 1466 βουλόμενοι
1052 1381 1121 1447 τῶν

63 1503 86 1558 Β
105 1482 274 1576 ἡμετέρων
301 1484 377 1555 τινά
394 1494 604 1576 παρείλοντο·
631 1489 732 1555 τοῦτο
755 1485 794 1555 δὲ
812 1482 986 1554 ἀκώλυτον
1013 1484 1121 1573 μόνον

103 1595 160 1662 καὶ
188 1590 316 1674 ἀπαθές
349 1597 454 1679 ἐστιν,
487 1593 556 1661 ἐπεὶ
588 1592 673 1680 μηδὲ
704 1590 843 1681 θεμιτὸν
870 1586 938 1661 ὐπὸ
966 1593 1027 1660 τοῦ
1055 1618 1120 1680 γει-

104 1726 204 1788 ρουος
239 1698 276 1768 τὸ
313 1714 463 1789 κρεῖττον
500 1699 716 1786 βλάπτεσθαι.
762 1706 831 1767 ἔστι
863 1697 901 1767 δὲ
932 1698 989 1766 καὶ
1021 1689 1121 1780 οὗτος

104 1809 235 1875 έκεσθεν
263 1801 407 1892 ὁλόγος.
445 1802 518 1874 ἀλλ’
549 1811 641 1874 ἔοικα
668 1803 733 1896 γάρ
761 1811 1016 1893 καταφορτίζειν
1033 1800 1157 1893 &paga

105 1926 176 1992 τοῖς
203 1915 264 1981 τοῦ
283 1912 464 1993 Πλάτωνος
491 1910 605 1998 λόγοις
632 1910 733 2001 μικρά
761 1911 946 1981 ἐπιπάττων
973 1913 1043 1979 τῶν
1061 1914 1121 1999 ῥη-

104 2018 219 2106 μάτων
247 2015 358 2109 ὥσπερ
386 2014 478 2089 ἀλῶν
504 2015 526 2106 ῆ
553 2021 683 2107 χρυσοῦ
709 2020 888 2107 ψήγματος.
932 2015 1065 2086 τούτων
1083 2018 1122 2088 δὲ

105 2129 141 2193 ολ
166 2125 227 2213 μὲν
257 2121 330 2212 [ὡς]
359 2121 443 2213 ήδίω
463 2123 525 2213 τήν
551 2125 693 2214 τροφήν,
721 2120 739 2194 ὁ
763 2124 802 2194 δὲ
820 2121 967 2212 εὐπρεπῆ
994 2127 1122 2212 μᾶλλον

103 2233 237 2319 παρέχει
267 2231 330 2321 τήν
362 2234 458 2301 θέαν.
504 2228 675 2320 ἀμφότερα
708 2230 746 2300 δὲ
773 2234 809 2300 ἐν
840 2245 911 2311 τοῖς
937 2230 1122 2312 Πλάτωνος

64 2336 230 2423 θλόγοις·
266 2339 322 2407 καὶ
356 2337 420 2427 γάρ
457 2338 640 2406 αἰσθέσθαι
677 2335 735 2406 διά
765 2341 824 2427 τῆς
860 2334 963 2424 ἀκοῆς
999 2333 1158 2424 ῆδίουςτο

103 2446 171 2511 τῶν
199 2439 290 2513 ἀλῶν
318 2446 374 2512 καὶ
391 2445 517 2533 θρέψαι
536 2441 648 2531 ψυχήν
676 2443 738 2526 ξὺν
761 2440 869 2534 ῆδονῆ
896 2444 952 2512 καὶ
970 2446 1122 2532 καθῆραι

103 2557 307 2637 θαυμαστοί·
347 2548 429 2618 ὥστε
462 2547 525 2618 οὐκ
556 2548 764 2637 ἀποκνητέον
801 2546 882 2620 οὐδὲ
917 2545 1121 2636 εὐλαβητέον

102 2653 163 2722 τὸν
190 2656 311 2742 ψόγον,
339 2665 372 2723 εἴ
395 2682 444 2736 τις
471 2654 537 2745 ἀρα
559 2659 806 2745 καταμέμψαιτο
832 2654 895 2743 τήν
923 2653 1121 2744 ἀπληστίαν,

103 2762 159 2829 καὶ
192 2757 242 2829 ὅτι
274 2760 399 2843 παντὸς
432 2763 698 2852 ἑπιδραττόμεθα
731 2760 841 2851 ὥσπερ
875 2764 912 2830 έν
938 2776 1009 2842 τοῖς
1035 2783 1120 2851 σνμ

103 2873 235 2949 ποσίοις
262 2872 298 2937 οί
321 2874 430 2957 λίχνοι
457 2871 525 2937 τῶν
543 2871 649 2937 έδοοδί
634 2874 719 2954 ίμοιν
747 2863 916 2955 ἀπάντων,
944 2864 1006 2956 οὐχ
1033 2864 1117 2938 ὐπο-
1132 2894 1158 2939 τε

182 3015 291 3086 λέστι]
316 3013 378 3072 ἐπεὶ
400 3021 425 3069 V
451 3020 456 3085 1
483 3021 663 3073 Accusativos
682 3018 767 3086 νοῦν,
792 3013 949 3087 φρόνησιν,
974 3013 1025 3073 τὸν
1042 3015 1119 3074 θεόν

103 3088 221 3165 requiro
258 3087 312 3140 Sed
336 3089 449 3153 gravius
471 3089 600 3139 mendum
616 3088 727 3139 videtur
749 3089 836 3140 latere
905 3077 1045 3166 ὁαντδν]
1066 3084 1121 3142 αὐ-

102 3147 151 3214 τὰς
168 3155 196 3204 Μ
266 3150 394 3208 θέοικεν
413 3154 457 3237 V]
467 3151 575 3221 ελκωνΙ
597 3147 761 3208 ἐπιτάττειν
779 3155 849 3276 VM]
869 3148 1016 3208 ἐπιτάττει
1087 3160 1118 3209 11

102 3215 193 3274 ἔδοτ’
194 3223 236 3289 θη
238 3237 292 3274 σαν
304 3221 344 3288 Μ]
360 3215 556 3290 ἠδυνήθησαν
602 3226 708 3274 13et14
725 3218 800 3305 μηδὲ
801 3216 937 3303 θεμιτὸν
949 3250 983 3261 -
995 3215 1118 3304 βλάπτε-

102 3238 236 3409 σθαιῆη
212 3291 284 3340 Plat.
304 3290 383 3409 Apol.
402 3292 470 3343 301)
541 3284 613 3342 15ὐ
596 3289 671 3350 ναῖς
694 3289 728 3371 V]
718 3284 828 3359 ]ήμᾶς
898 3293 930 3342 16
952 3284 1119 3344 ἐπιτάττων

101 3350 174 3424 δέ]
175 3350 321 3410 πιτάττων
339 3350 364 3420 (έ
364 3354 526 3410 πιττάττων
544 3358 586 3420 Μ,
623 3355 657 3409 nl
675 3352 792 3412 πάντων
811 3359 899 3422 eant.)
969 3352 1040 3412 18
1020 3377 1058 3440 μς
1076 3363 1118 3410 in-

103 3426 185 3475 clusit
209 3428 236 3477 H
262 3424 267 3490 Ι
293 3423 404 3505 μᾶλλον
426 3425 488 3476 add
508 3427 530 3474 V
601 3430 632 3478 19
654 3421 804 3487 πλάτανος
826 3424 862 3492 V]
885 3424 937 3478 τοῦ
959 3423 1118 3487 Πλάτωνος

101 3495 132 3542 21
153 3484 231 3545 ἀλῶν
248 3491 287 3561 Η]
306 3483 401 3545 ἀλλων
425 3494 430 3557 Ι
455 3492 588 3575 καθῆραι
606 3492 648 3614 Η]
662 3495 796 3560 καθᾶραι
815 3487 959 3561 (καθάραι
976 3494 1012 3559 V)
1083 3498 1116 3546 22

102 3560 272 3627 θαυμαστοί
286 3560 322 3627 V]
342 3559 464 3613 δυνατοί
452 3554 523 3628 ίἸ
504 3560 648 3629 αποκτητέ
651 3578 683 3614 ον
700 3563 759 3613 VM
