2392 3960
495 155 632 207 οεενιο
651 155 696 208 τι
807 138 812 146 ’
1035 157 1098 223 237

77 282 248 379 ταζέσθω,
281 279 368 368 πλήν
400 283 530 350 ἐκείνου
557 282 670 372 χάριν,
698 281 764 370 ὅτι,
795 281 857 371 τήν
885 292 1149 374 φιλοσοφίαν183

80 383 165 474 είθ’,
192 384 304 476 ῶσπερ
330 386 419 468 τινές
436 383 723 477 ὑπολαμβάνουσι,
750 391 871 478 τέχνην
897 395 1023 479 τεχνῶν
1041 395 1097 462 καὶ

81 493 268 583 ἐπιστήμην
296 497 498 582 ἐπιστημῶν,
531 504 595 564 εἴτε
627 491 788 584 ὁμοίωσιν
819 500 912 567 θεῶν
943 496 1026 567 κατὰ
1058 525 1096 569 το

82 600 244 687 δυνατόν,
272 598 351 688 εἴθ’,
380 597 461 691 ὅπερ
489 596 506 670 ὁ
536 601 670 684 Πύθιος
696 607 777 690 ἔφη,
803 600 841 672 τὸ
871 607 987 674 Γνῶθι
1015 625 1111 674 σαν--

48 704 145 780 ετόν
180 702 345 795 ὑπολάβοι
381 733 445 791 τις,
484 701 588 777 οὐδέν
624 713 743 778 διοίσει
773 708 858 798 πρὸς
889 708 949 779 τὸν
980 711 1096 798 λόγον·

81 809 214 883 ἅπαντα
242 810 306 901 γάρ
336 816 441 881 ταῦτα
472 819 628 900 φαίνεται
658 813 742 904 πρὸς
770 812 894 903 ἀλληλα
926 818 982 885 καὶ
1009 818 1097 905 μάλα

83 925 214 1001 οἰκείως
232 925 358 1007 ἔχοντα.
404 916 581 1009 ἀρξώμεθα
600 920 638 990 δὲ
664 924 798 1010 πρῶτον
816 918 881 991 ἀπὸ
899 925 960 992 τοτ’
980 926 1096 993 Γνῶθι

84 1025 227 1112 σαυτόν,
254 1025 367 1114 ἐπειδή
395 1027 451 1096 καὶ
477 1027 576 1097 θεῖόν
604 1029 671 1096 ἐστι
702 1031 801 1098 τοῦτο
828 1027 866 1098 τὸ
894 1031 1095 1119 παρακέλευ-

83 1152 159 1221 σμα.
206 1129 333 1202 οὐκοῦν
361 1128 379 1202 δ
411 1131 611 1221 γιγνώσκων,
639 1129 744 1204 αὑτὸν
775 1143 897 1204 είσεται
928 1135 990 1224 μὲν
1020 1138 1136 1227 περὶΒ

36 1270 67 1310 ιο
83 1241 202 1327 ψυχῆς,
230 1248 351 1308 είσεται
379 1239 417 1308 δὲ
443 1241 500 1309 καὶ
527 1241 601 1330 περὶ
628 1239 787 1329 σώματος.
823 1243 879 1311 καὶ
906 1244 1005 1312 τοῦτο
1034 1239 1096 1313 οάκ

81 1341 216 1433 ἀρκέσει
246 1344 368 1433 μόνον,
405 1341 452 1427 ῶς
482 1352 573 1415 ἔστιν
609 1344 790 1435 ἅνθρωπος
820 1344 911 1437 ψυχή
942 1351 1095 1439 χρωμένη

48 1483 51 1486 ’
82 1450 227 1540 σῶματι,
254 1463 392 1540 μαθεῖν,
407 1449 504 1523 ἀλλά
530 1453 586 1522 καὶ
613 1450 716 1542 αὐτῆς
743 1457 801 1542 τής
828 1457 937 1544 ψυχῆς
964 1455 1096 1525 έπελεύ·

81 1580 176 1627 σεται
207 1556 270 1647 τήν
302 1555 437 1645 οὐσίαν,
474 1564 584 1628 ἔπειτα
616 1556 806 1649 ἀνιχνεάσει
836 1559 895 1642 τὰς
927 1560 1095 1649 δννάμεις.
1146 1580 1162 1611 ·’

80 1666 141 1734 καὶ
168 1661 250 1734 οὐδὲ
276 1668 375 1734 τοῦτο
403 1665 510 1753 μόνον
527 1662 658 1754 ἀρκέσει
685 1663 897 1759 αὐτῶ-ἀλλά
923 1674 990 1755 καί,
1017 1677 1051 1741 εί
1064 1695 1096 1738 τι

40 1773 143 1859 ιοτής
169 1773 277 1860 ψυχῆς
306 1774 342 1840 έν
360 1767 441 1861 ήμϊν
468 1775 537 1841 ἐστι
555 1787 705 1861 κρεῖττον
727 1775 783 1843 καὶ
801 1773 986 1864 θειότερον,
1014 1771 1096 1865 ὅπερ

82 1873 127 1965 δή
153 1877 274 1959 πάντες
300 1874 486 1959 ἀδιδάκτως
503 1878 699 1965 πειθόμενοι
721 1879 818 1949 θεῖόν
835 1906 868 1949 τι
885 1878 974 1950 εἶναι
999 1887 1116 1970 νομί·1
1170 1892 1173 1897 ’

82 1991 194 2072 ζομεν,
222 1986 277 2054 καὶ
303 1987 404 2053 τοῦτο
431 1987 631 2074 ένιδρῦσθαι
658 1984 779 2066 πάντες
811 1983 945 2078 οὐρανῷ
973 1989 1135 2068 κοινῶςθ

55 2085 373 2179 ἀπολαμβάνομεν.
418 2089 521 2160 έπιῶν
548 2091 586 2161 δὲ
613 2081 714 2172 αὖθις
731 2087 790 2172 τὰς
817 2088 920 2182 ἀρχάς
945 2094 1008 2161 τοῦ
1030 2092 1095 2162 σοί·

82 2223 186 2284 ματος
222 2192 390 2283 σκέψεται,
428 2206 492 2268 είτε
524 2197 693 2267 σύνθετον
729 2205 794 2267 εἴτε
825 2193 955 2268 ἁπλοῦν
992 2201 1095 2268 ἐστιν·

41 2333 69 2374 το
83 2301 155 2393 εἶτα
187 2298 256 2395 ὁδῷ
287 2309 483 2394 προβαίνων
514 2299 599 2395 ὑπέρ
631 2330 666 2373 τε
703 2299 864 2394 ἁρμονίαις
901 2300 1008 2374 αὐτοῦ
1040 2307 1096 2375 καλ
1169 2302 1179 2344 s

82 2407 217 2490 πάθονς
244 2411 299 2478 καὶ
327 2409 501 2499 δυνάμεως
527 2411 583 2479 καὶ
615 2410 751 2481 πάντων
778 2405 889 2493 ἁπλῶς
916 2401 964 2480 ῶν
991 2416 1097 2482 δεῖται

81 2512 166 2606 πρὸς
194 2515 368 2604 διαμονήν.
413 2517 580 2604 ἐπιβλέψει
607 2516 645 2586 δὲ
671 2513 707 2586 τί.
727 2514 809 2606 μετὰ
834 2519 935 2588 τοῦτο
962 2520 1018 2588 καὶ
1037 2513 1095 2610 ἀρ-

82 2636 157 2713 χαῖς
183 2625 311 2710 τεχνῶν
328 2624 439 2706 ένίων,
467 2618 529 2710 ὑφ’
560 2614 610 2692 ῶν
627 2628 801 2713 βοηθεῖται
819 2622 904 2713 πρὸς
930 2621 1096 2714 διαμονήν

81 2726 121 2799 τὸ
151 2731 255 2818 σῶμα,
283 2721 358 2799 οἷον
386 2731 543 2819 ἰατρικῆς,
569 2735 748 2819 γεωργίας,
775 2731 901 2822 ἑτέρων,
921 2730 1095 2800 τοιούτων.
1175 2725 1179 2792 j

42 2863 69 2905 τε
82 2831 126 2905 οά
154 2832 221 2924 μήν
249 2831 330 2905 οὐδὲ
356 2837 424 2904 τῶν
450 2831 626 2926 ἀχρήστων
642 2837 699 2905 καὶ
725 2839 886 2927 περιττῶν
913 2862 944 2907 τι
971 2836 1139 2907 παντά-Ι)

81 2961 187 3010 πασιν
213 2937 381 3031 ἀγνοήσει,
397 2943 479 3039 Ιἐπεὶ
496 2943 553 3011 καὶ
578 2939 619 3011 τδι
637 2939 720 3032 πρὸς
746 2948 923 3015 κολακείαν
949 2946 1012 3013 τοῦ
1033 2969 1095 3013 πα-

81 3050 228 3136 θητικοῦ
254 3050 313 3136 τής
329 3051 439 3137 ψυχῆς
456 3043 552 3136 ήμῶν
574 3047 794 3137 ἐπινενόηται.
829 3053 1097 3140 προσλιπαρήσαι

82 3153 147 3243 μὲν
173 3153 238 3245 γὰρ
265 3154 396 3237 τούτοις
422 3151 603 3245 ἀποκνήσει
621 3154 761 3248 αίσγρδν
783 3155 937 3245 οίόμενος
962 3153 1000 3225 τὸ
1028 3183 1096 3228 τοι·
1175 3164 1179 3171 ’

152 3397 169 3446 4
188 3391 219 3447 τὸ
237 3391 332 3462 γνῶθι
351 3392 408 3463 Ρο]
426 3393 521 3462 γνῶθι
608 3385 729 3449 δοάδδτ
746 3395 786 3464 Η]
805 3387 898 3450 οάθδν
983 3397 1016 3449 19
1034 3392 1097 3448 ond-

82 3472 173 3586 μέτρα
202 3459 362 3533 Ηοτίιοίἰοε]
393 3456 534 3532 σκέψαιτο
618 3465 652 3517 2⁶
677 3453 724 3533 τῶ]
750 3480 818 3518 τινα
844 3463 890 3517 vol
911 3461 1005 3517 ταῦτα
1027 3465 1097 3516 wri-

120 3546 139 3582 u
159 3547 203 3583 um
768 3565 772 3570 -
