2392 3960
100 143 245 196 IULIANI
263 144 512 212 IMPERATORIS
530 145 647 197 EPIS'I'.
666 145 715 196 AD
734 145 761 196 S.
774 147 805 195 P.
818 147 850 207 Q.
869 147 1000 200 ATHEN.
1035 145 1097 208 347

81 273 141 339 καὶ
167 269 228 339 τὸν
254 268 459 360 Ἀριστείδην
486 270 546 340 τὸν
565 277 697 341 δίκαιον
726 276 761 339 ολ
784 269 864 361 παρ’
894 267 975 359 ύμῖν
1002 275 1098 361 ἐθρέ-

81 392 194 457 ψαντο
227 377 334 464 νόμοι.
379 384 487 446 καίτοι
519 405 557 464 γε
583 380 688 446 ταῦτα
716 375 823 458 οὕτως
856 375 938 447 ὅντα
966 377 1098 466 λαμπρά
1155 432 1161 439 .

80 482 242 571 τεκμήρια
279 482 335 551 διὰ
367 487 604 573 λαμπροτέρων
641 482 732 571 οἶμαι
769 487 837 552 τῶν
869 489 977 572 ἔργων
1005 481 1151 572 ὅμωςνεε

80 588 323 659 έπιστώσασθε.
358 587 395 657 τό
420 590 481 677 μὲν
509 587 573 678 γάρ
601 590 695 671 δόξᾳι
723 594 856 658 δίκαιον
883 599 964 670 ἴσως
991 588 1034 657 ἀν
1052 617 1097 682 τφ

49 697 139 764 ικαὶ
171 697 304 777 ψευδῶς
336 702 499 783 συμβαίη,
535 698 591 765 καὶ
623 694 726 784 τυχὸν
759 692 800 763 ού
831 696 1025 783 παράδοξον
1061 699 1098 764 ἐν

79 809 218 882 πολλοῖς
254 801 397 888 φαύλοις
433 804 492 871 ἕνα
525 804 684 889 γενέσθαι
725 807 921 871 σπουδαῖον.
975 797 997 890 ή
1033 801 1098 890 γάρ

81 904 165 994 ούχὶ.
188 908 244 976 καὶ
270 906 360 996 παρά
379 908 512 995 Μήδοις
540 905 696 996 ύμνεῑταί
719 935 770 988 τις
792 907 941 995 Δηιόκης
960 905 1099 996 ’Ἀβαρίς
1159 979 1187 1002 η,

80 1041 115 1080 τε
145 1016 182 1080 έν
205 1009 434 1103 Ὑπερβορέοις
461 1015 517 1082 καὶ
542 1012 736 1103 Ἀνάχαρσις
764 1016 800 1081 ἐν
819 1012 985 1100 Σκύθαις,
1013 1009 1098 1102 ὑπὲρ
1165 1037 1167 1041 ’

81 1110 132 1187 ῶν
158 1122 259 1187 τοῦτο
286 1110 329 1207 ήν
356 1120 567 1207 θαυμαστόν,
595 1118 646 1190 ὅτι
672 1118 762 1209 παρὰ
784 1134 855 1200 τοῖς
882 1116 1099 1200 ἀδικωτάτοις

36 1255 66 1293 10
80 1225 256 1312 γεγονότες
283 1231 400 1295 ἔθνεσι
426 1223 488 1314 τήν
516 1232 614 1313 δίκην
642 1223 732 1313 ὅμως
759 1228 933 1313 ἐτίμησαν,
957 1223 1006 1318 τῶ
1035 1224 1133 1312 μδνΒ

81 1329 229 1418 ἀληθῶς,
259 1326 276 1399 ὁ
306 1331 344 1400 δὲ
370 1335 428 1418 τῆς
456 1339 567 1421 χρείας
593 1332 692 1421 χάριν
718 1330 951 1419 πλαττόμενος.
988 1334 1097 1420 δήμου

81 1437 120 1505 δέ
150 1434 230 1506 ὅλον
248 1439 305 1505 καὶ
331 1437 430 1507 πόλιν
450 1437 589 1527 έραστάς
616 1444 724 1526 ἔργων
742 1439 799 1506 καὶ
826 1436 938 1523 λόγων
957 1442 1098 1506 δικαίων

81 1545 145 1623 ἔξω
173 1547 231 1630 τής
257 1541 336 1631 παρ’
366 1539 449 1631 ὑμῖν
477 1541 519 1612 ού
552 1545 672 1634 ῥᾴδιον
699 1539 820 1634 εὑρεῖν.
865 1541 1032 1637 βούλομαι
1060 1543 1097 1611 δὲ
1178 1582 1181 1589 ·

80 1645 168 1737 ὑμᾶς
197 1647 272 1730 ἑνὸς
302 1652 372 1718 τῶν
398 1648 477 1737 παρ’
507 1644 590 1737 ύμῖν
621 1654 755 1719 πολλῶν
787 1675 825 1734 γε
853 1645 961 1717 όντων
990 1654 1099 1739 ἔργων

40 1784 67 1824 15
81 1751 282 1843 ύπομνήσαι.
344 1759 604 1843 Θεμιστοκλέους
650 1755 713 1844 γάρ
759 1753 839 1842 μετά
879 1753 919 1823 τά
960 1753 1099 1842 Μηδικά

81 1862 223 1949 γνώμην
250 1866 460 1952 εἰσηγεῖσθαι
488 1864 735 1950 διανοουμένου
758 1861 869 1949 λάθρα
897 1862 1098 1947 καταφλέξαι

81 1967 123 2036 τά
151 1967 275 2056 νεώρια
301 1971 370 2036 τῶν
394 1963 571 2055 Ἑλλήνων,
600 1965 669 2036 εἶτα
687 1965 732 2056 μή
759 1967 948 2052 τολμῶντος
971 1972 1018 2046 εἰς
1036 1965 1133 2035 τδυΰ

82 2077 195 2162 δήμου
231 2075 358 2160 λέγειν,
392 2075 442 2142 ἑνὶ
479 2073 516 2142 δὲ
554 2061 808 2162 ὁμολογοῦντος
835 2071 1024 2141 πιστεύσειν
1060 2071 1098 2141 τὸ

82 2177 291 2270 ἀπόρρητον,
325 2177 428 2269 όνπερ
460 2175 503 2249 ἀν
536 2175 554 2248 ὁ
588 2182 694 2269 δήμος
729 2177 966 2268 χειροτονήσας
1000 2181 1099 2268 προέ-

39 2317 67 2356 eo
83 2296 195 2374 ληται,
228 2286 435 2375 προυβάλετο
463 2286 525 2374 μὲν
552 2281 570 2355 ὁ
599 2289 703 2374 δήμος
734 2283 795 2354 τὸν
823 2279 1046 2372 Ἀριστείδην·
1079 2281 1098 2352 ὁ

83 2392 122 2461 δὲ
150 2390 299 2473 ἀκούσας
318 2395 384 2480 τής
410 2392 544 2481 γνώμης
572 2398 695 2482 ἔκρυψε
721 2391 783 2480 μὲν
805 2387 847 2475 ,τὸ
877 2391 999 2480 ῥηθέν,
1027 2390 1098 2478 έξή-
1135 2406 1143 2410 “

82 2525 181 2584 νεγκε
209 2498 246 2566 δὲ
265 2504 313 2579 εἰς
329 2497 390 2567 τὸν
418 2501 537 2587 δήμου,
566 2494 611 2579 ῶς
630 2496 706 2568 ούτε
733 2499 1003 2586 λυσιτελέστερον
1022 2493 1099 2565 οὔτε

83 2602 291 2695 ἀδικώτερον
327 2614 378 2692 εἴη
411 2633 442 2673 τι
478 2608 539 2673 τού
576 2604 820 2696 βουλεύματος·
857 2606 914 2672 καὶ
950 2599 971 2692 ή
1004 2603 1100 2683 πόλις

84 2710 321 2799 ἀπεψηφίσατο
340 2715 539 2802 παραχρῆμα
559 2713 614 2781 καὶ
632 2711 856 2801 παρῃτήσατο,
873 2710 964 2778 πάνυ
991 2737 1029 2796 γε
1056 2707 1098 2795 νη

38 2848 67 2888 25
85 2825 156 2917 Λέα
183 2819 423 2907 μεγαλοψύχως
449 2821 505 2888 καὶ
532 2815 574 2887 δν
598 2821 698 2906 έχρήυ
725 2816 852 2907 τρόπον
879 2813 1006 2906 ἀνδρας
1032 2811 1098 2885 ὑπὸ

85 2925 231 3014 μάρτυρι
257 2927 297 3014 τή
325 2925 561 3015 φρονιμωτάτη
588 2917 673 3016 θεῷΙ
686 2927 922 3014 τρεφομένους.
1118 2931 1143 2984 D

154 3174 450 3246 33μωςΒε1ι.οτΗ]
470 3197 559 3240 ουτως
628 3173 812 3247 ἵδηόκηςλλ
874 3172 1101 3243 8Τπερβορέοις

79 3245 166 3331 Cob]
190 3243 416 3328 υπερβοραίοις
411 3249 434 3297 V
458 3249 521 3326 (sed
544 3247 677 3314 ερβοραιο
698 3249 852 3299 recentiore
875 3262 959 3296 manu
981 3243 1099 3310 refieta),

79 3312 295 3381 Ὗπερβορείοις
312 3332 329 3367 v
364 3315 368 3382 Ι
398 3307 555 3382 ἀναχάρσις
572 3316 597 3366 V
683 3317 715 3367 13
738 3308 834 3380 εὑρεῖν
843 3313 946 3393 (quod
967 3313 1101 3362 Peteviue

84 3386 286 3448 interpretatus
305 3383 364 3502 eet)
379 3381 457 3450 Cob.]
477 3379 574 3436 εἰπειν
643 3375 709 3433 14
693 3386 764 3462 ημῖν
781 3371 850 3448 V]
833 3398 872 3446 υμ
874 3381 913 3432 ῶν
983 3382 1014 3430 19
1032 3394 1101 3445 προ·

84 3449 187 3515 ε’ληται
208 3447 249 3516 Η]
277 3465 350 3514 προσ
351 3445 450 3517 ἕληται
536 3453 571 3502 20
595 3445 775 3517 προνβάλετο
797 3398 875 3514 cob.]
903 3438 1101 3513 προύβάλλετο

85 3520 119 3568 24
137 3533 170 3585 γε
188 3533 240 3569 om.
259 3524 317 3583 pet.
