2370 3908
94 157 159 223 296
393 157 539 210 mmm
561 156 812 208 ωοονιιενοειε

96 294 144 369 είς
181 292 281 376 ἔργον
317 283 433 373 ήγετο·
469 283 510 352 τά
546 285 683 376 πατρῷα
723 279 788 373 γάρ
828 286 943 376 θηκτῷ
985 283 1118 377 σιδήρῳ

99 394 330 480 διελάγχανον,
357 392 413 460 καὶ
441 382 484 479 ήν
511 390 620 459 πάντα
638 385 800 477 ἀκοσμίας
825 388 947 480 πλήρη·
975 395 1119 485 πατρῷα

97 501 158 589 μὲν
192 496 263 589 ίερά
295 497 533 566 κατεσκάπτετο
565 494 656 584 παρὰ
687 497 755 563 τῶν
786 499 920 565 παίδων
945 492 1118 587 ὀλιγωρη-

97 608 202 675 θέντα
229 604 393 695 πρότερον
424 599 490 672 ὑπὸ
523 606 584 672 τοῦ
615 598 740 690 πατρὸς
771 602 827 670 καὶ
854 599 1119 692 ἀποσυληθέντα

58 715 166 781 θτῶν
198 709 440 799 ἀναθημάτων,
473 706 494 778 ἀ
520 710 648 777 τέθειτο
681 705 772 796 παρά
803 710 937 777 πολλῶν
968 707 1032 796 μὲν
1059 711 1145 779 καὶε

98 815 220 904 ἀλλων,
239 814 300 905 οὐχ
318 815 437 905 ἥκιστα
456 814 493 885 δὲ
511 817 580 884 τῶν
601 814 823 903 προπατόρων
841 811 957 884 αὐτοῦ.
975 836 977 841 ·
992 826 1118 885 καθαι-

99 926 275 1014 ρουμένων
307 922 345 992 δὲ
376 924 444 991 τῶν
476 923 576 1010 ίεράν
613 917 859 1013 ἀνωκοδομεῖτο
896 918 1023 990 παλαιά
1059 923 1119 991 καὶ

98 1033 159 1099 νέα
187 1030 350 1118 μνήματα,
377 1026 668 1116 προαγορεύοντος
690 1023 806 1107 αὐτοῖς
832 1029 894 1096 τού
921 1023 1120 1114 αύτομάτου

99 1137 155 1205 καὶ
181 1139 240 1222 τῆς
266 1135 381 1222 τύχης,
415 1131 466 1201 ὅτι
494 1131 559 1223 ἀρα
585 1135 719 1202 πολλῶν
752 1129 871 1215 αὐτοῖς>
894 1133 1006 1221 δεήσει
1033 1162 1120 1223 μνη-

99 1242 213 1329 μάτων
232 1237 295 1309 ούκ
313 1245 360 1321 είς
378 1237 520 1328 μακράν,
548 1238 724 1328 ἐπειδήπερ
747 1235 862 1320 αύτοῖς
888 1235 1006 1326 ὀλίγον
1025 1245 1120 1329 ἔμελε
1135 1270 1160 1310 ιο

99 1351 168 1415 τῶν
194 1350 296 1416 θεῶν.
333 1346 469 1414 πάντων
497 1336 560 1414 οὖν
584 1341 669 1433 ὁμού
697 1347 900 1435 φνρομίνων
918 1347 974 1414 καὶ
1002 1348 1121 1428 ξυντε-

100 1454 274 1541 λονμένων
306 1451 423 1540 γάμων
453 1453 516 1539 [τε]
546 1447 588 1520 ού
620 1450 738 1540 γάμων
768 1452 824 1520 καὶ
857 1454 1121 1540 βεβηλουμένων

101 1555 188 1647 ὁμοῦ
218 1573 289 1639 τοῖς
320 1564 429 1638 θείοις
459 1560 528 1626 τῶν
561 1553 804 1646 ἀνθρωπίνων,
836 1555 897 1627 τὸν
924 1564 994 1627 Δία
1028 1565 1122 1641 ἔλεος

65 1661 265 1752 θύπήλθεν·
293 1662 364 1732 εἶτα
392 1661 524 1733 ἀπιδὼν
550 1661 634 1754 πρὸς
659 1661 721 1732 τὸν
740 1661 871 1732 Ἥλιον·
898 1654 941 1731 Ὦ
967 1679 1044 1752 παῖ,
1072 1664 1120 1735 εἶ-

101 1797 177 1857 πεν,
216 1767 367 1861 ούρανοῦ
398 1771 454 1839 καὶ
492 1773 551 1858 γής
584 1767 801 1861 ἀρχαιότερον
837 1771 874 1838 ἐν
905 1779 1001 1852 θεοῖς
1038 1770 1120 1859 βλά-
1133 1798 1158 1841 ω

102 1897 220 1966 στημα,
249 1892 467 1964 μνησικακεῖν
495 1882 543 1945 ἔτι
571 1878 692 1965 διανοῇ
719 1878 778 1964 τής
804 1871 990 1967 ὑπεροψίας
1016 1874 1122 1969 ἀνδρί

101 1980 246 2052 αὐθάδει
273 1984 329 2051 καὶ
356 1986 520 2074 τολμηρῷ,
549 1980 587 2063 ὅς
614 2003 651 2051 σε
679 1978 853 2052 ἀπολιπὼν
880 1977 972 2075 αύτῷ
998 2010 1036 2053 τε
1063 1985 1122 2055 καί

101 2092 190 2176 γένει
231 2090 287 2158 καὶ
328 2090 445 2159 παισὶν
485 2098 591 2169 αίτιος
632 2090 760 2174 ἐγένετο
801 2090 870 2156 τῶν
910 2089 1122 2177 τηλικούτων

101 2196 326 2284 παθημάτων;
364 2191 385 2283 ή
423 2201 580 2283 νομίζεις,
618 2191 669 2263 ὅτι
705 2193 749 2282 μή
782 2200 992 2283 χαλεπαίνεις
1027 2193 1122 2289 αύτῷ

48 2321 101 2371 229
108 2298 186 2390 μηδ’
218 2298 414 2388 ἀγανακτεῖς
441 2298 519 2389 μηδ’
550 2302 602 2370 ἐπὶ
634 2299 671 2370 τὸ
700 2302 798 2387 γένος
829 2297 935 2370 αύτού
961 2297 1044 2383 τούς
1070 2307 1121 2372 οί·
1135 2332 1162 2371 ω

103 2406 203 2488 στούς
230 2408 357 2495 θήγεις,
386 2413 523 2476 ἔλαττον
550 2405 637 2476 εἶναι
664 2406 786 2494 ταύτης
813 2414 918 2488 αἴτιος
945 2403 1038 2500 αύτῷ
1062 2411 1123 2497 τής

103 2516 292 2601 ξυμφορᾶς,
329 2518 454 2602 ἔρημον
492 2509 598 2582 αύτού
634 2511 696 2601 τήν
733 2518 844 2582 οίκίαν
880 2510 992 2600 ἀφείς;
1030 2511 1122 2602 ἀλλ’,

104 2625 181 2707 ἔφη,
209 2621 362 2707 καλοῖμεν
388 2614 447 2700 τάς
469 2625 614 2711 Μοίρας,
642 2628 676 2688 εί
699 2645 745 2707 πη
772 2620 958 2708 βοηθητίος
984 2614 1003 2688 ὁ
1033 2616 1122 2711 ἀνήρ

103 2727 201 2793 ἐστιν.
249 2729 287 2792 αί
312 2723 349 2794 δὲ
376 2720 574 2812 ὑπήκουσαν
601 2722 720 2793 αὐτίκα
747 2728 793 2818 τῷ
821 2731 891 2794 Διί.
925 2726 982 2794 καὶ
1010 2719 1029 2793 ὁ
1059 2725 1123 2815 μὲν

188 2876 202 2924 1
231 2873 332 2942 θηκτῷ
359 2875 419 2926 Pet.
448 2873 556 2940 ομιττεδ]
583 2872 691 2942 θνητῷ,
728 2874 842 2942 Spectat
868 2877 934 2927 Eur.
957 2874 1064 2927 Phoen.
1087 2878 1122 2928 6⁵1

103 3004 257 3075 5τέθειτο]
272 3011 355 3059 Immo
368 3002 500 3061 ἒτέθειτο
547 3013 596 3061 tet
603 3012 634 3061 10
651 3006 808 3094 μνημάτων
827 2959 926 3077 δοάήσει
943 3011 968 3061 V
1031 3012 1065 3062 12
1089 3026 1122 3063 τε

104 3078 217 3128 inclusit
234 3077 262 3129 H
331 3080 363 3128 13
381 3075 478 3137 θείοις
496 3078 557 3132 Pet
576 3076 651 3142 (nam
669 3076 761 3129 θείων
775 3079 939 3160 typothetae
956 3082 999 3129 est
1010 3075 1121 3198 errori]

102 3145 188 3204 θεοῖς
258 3146 289 3196 15
313 3138 506 3224 ἀρχαιότατον
528 3145 699 3196 Rsk.17
722 3137 871 3197 ἀπολιπων
894 3143 982 3232 Cob]
999 3139 1093 3199 ἀπολε

102 3228 164 3264 πων
187 3211 192 3278 Ι
216 3203 294 3264 αύτῶ
313 3210 350 3297 V]
371 3202 459 3292 αύτῷ
520 3215 551 3264 19
570 3204 620 3279 μη]
639 3229 687 3292 μοι
706 3219 760 3279 pot
831 3216 864 3266 20
886 3206 1000 3273 οἰστούς
1006 3212 1058 3292 HJ
1079 3209 1122 3266 o't-

102 3272 188 3339 σιούς
257 3281 288 3330 21
308 3274 385 3332 εἶναι
403 3264 510 3346 τάύτης
529 3279 621 3332 αἴτιον
641 3273 731 3333 αύτοῦ
749 3281 860 3363 spanh.¹
881 3277 958 3334 εἶναι
975 3297 1099 3399 wiza.

102 3338 309 3483 ἓῑτιάύτάιῦτὲὗ
327 3352 397 3466 pSeetd’
416 3341 522 3466 ἀῖενάάἀο
533 3319 1007 3497 analeogitggzgistizfitgatazto‘gtem
1024 3348 1124 3483 xa?

101 3498 161 3542 τιος
186 3475 277 3548 αύτῷ,
295 3482 337 3534 ut
359 3473 447 3550 ἀφεῖς
472 3499 521 3549 pro
550 3486 700 3551 epexegesi
725 3484 761 3535 ad
783 3480 875 3555 τούτω
901 3484 1059 3535 habendum
1084 3486 1123 3537 sit

102 3553 136 3600 24
154 3543 231 3602 ἔστιν
247 3520 287 3618 V]
307 3545 366 3604 ἔστι
