<?xml version="1.0" encoding="UTF-8"?>
<!DOCTYPE html PUBLIC "-//W3C//DTD XHTML 1.0 Transitional//EN"
    "http://www.w3.org/TR/xhtml1/DTD/xhtml1-transitional.dtd">
<html xmlns="http://www.w3.org/1999/xhtml" xml:lang="en" lang="en">
 <head>
  <title>
</title>
<meta http-equiv="Content-Type" content="text/html;charset=utf-8" />
  <meta name='ocr-system' content='tesseract 3.04.00' />
  <meta name='ocr-capabilities' content='ocr_page ocr_carea ocr_par ocr_line ocrx_word'/>
</head>
<body>
  <div class='ocr_page' id='page_1' title='image "./iulianiimperato00juligoog_0332.png"; bbox 0 0 2392 3960; ppageno 0'>
   <div class='ocr_carea' id='block_1_1' title="bbox 133 132 846 196">
    <p class='ocr_par' dir='ltr' id='par_1_1' title="bbox 133 132 846 196">
     <span class='ocr_line' id='line_1_1' title="bbox 133 132 846 196; baseline -0.018 0"><span class='ocrx_word' id='word_1_1' title='bbox 133 133 197 196; x_wconf 76' lang='lat'><strong><em>320</em></strong></span> <span class='ocrx_word' id='word_1_2' title='bbox 435 134 579 185; x_wconf 79' lang='lat' dir='ltr'><strong>IULIANI</strong></span> <span class='ocrx_word' id='word_1_3' title='bbox 596 132 846 184; x_wconf 73' lang='grc' dir='ltr'><strong><em>ιτιεειιαίοιαε</em></strong></span> 
     </span>
    </p>
   </div>
   <div class='ocr_carea' id='block_1_2' title="bbox 81 255 1182 775">
    <p class='ocr_par' dir='ltr' id='par_1_2' title="bbox 134 255 1152 351">
     <span class='ocr_line' id='line_1_2' title="bbox 134 255 1152 351; baseline 0.001 -23"><span class='ocrx_word' id='word_1_4' title='bbox 134 256 225 351; x_wconf 78' lang='grc' dir='ltr'><strong><em>αὐτῷ</em></strong></span> <span class='ocrx_word' id='word_1_5' title='bbox 252 265 381 344; x_wconf 88' lang='grc' dir='ltr'><strong><em>κρίνειν</em></strong></span> <span class='ocrx_word' id='word_1_6' title='bbox 408 262 464 329; x_wconf 88' lang='grc' dir='ltr'><strong><em>καὶ</em></strong></span> <span class='ocrx_word' id='word_1_7' title='bbox 491 262 660 346; x_wconf 78' lang='grc' dir='ltr'><strong><em>καθορᾶν,</em></strong></span> <span class='ocrx_word' id='word_1_8' title='bbox 689 255 771 327; x_wconf 83' lang='grc' dir='ltr'><strong><em>ιἰλλδι</em></strong></span> <span class='ocrx_word' id='word_1_9' title='bbox 799 260 854 327; x_wconf 83' lang='grc' dir='ltr'><strong><em>καὶ</em></strong></span> <span class='ocrx_word' id='word_1_10' title='bbox 881 258 922 327; x_wconf 88' lang='grc' dir='ltr'><strong><em>’τδι</em></strong></span> <span class='ocrx_word' id='word_1_11' title='bbox 949 259 1064 349; x_wconf 92' lang='grc' dir='ltr'><strong><em>πόρρω</em></strong></span> <span class='ocrx_word' id='word_1_12' title='bbox 1092 262 1152 331; x_wconf 82' lang='grc' dir='ltr'><strong><em>καὶ</em></strong></span> 
     </span>
    </p>

    <p class='ocr_par' dir='ltr' id='par_1_3' title="bbox 81 364 1182 775">
     <span class='ocr_line' id='line_1_3' title="bbox 81 364 1182 456; baseline 0.001 -22"><span class='ocrx_word' id='word_1_13' title='bbox 81 365 278 454; x_wconf 70' lang='grc' dir='ltr'><strong><em>κειμυριώσι</em></strong></span> <span class='ocrx_word' id='word_1_14' title='bbox 307 371 453 435; x_wconf 78' lang='grc' dir='ltr'><strong><em>σταδίων</em></strong></span> <span class='ocrx_word' id='word_1_15' title='bbox 484 364 699 456; x_wconf 68' lang='grc' dir='ltr'><strong><em>ἀπῳκισμένα</em></strong></span> <span class='ocrx_word' id='word_1_16' title='bbox 730 367 798 433; x_wconf 91' lang='grc' dir='ltr'><strong><em>τῶν</em></strong></span> <span class='ocrx_word' id='word_1_17' title='bbox 830 366 1023 453; x_wconf 89' lang='grc' dir='ltr'><strong><em>γενομένων</em></strong></span> <span class='ocrx_word' id='word_1_18' title='bbox 1058 365 1151 453; x_wconf 77' lang='grc' dir='ltr'><strong><em>παρὰ</em></strong></span> <span class='ocrx_word' id='word_1_19' title='bbox 1178 371 1182 378; x_wconf 79' lang='lat'>&#39;</span> 
     </span>
     <span class='ocr_line' id='line_1_4' title="bbox 134 469 1150 562; baseline 0.002 -22"><span class='ocrx_word' id='word_1_20' title='bbox 134 474 223 540; x_wconf 90' lang='grc' dir='ltr'><strong><em>πόδα</em></strong></span> <span class='ocrx_word' id='word_1_21' title='bbox 241 473 297 541; x_wconf 86' lang='grc' dir='ltr'><strong><em>καὶ</em></strong></span> <span class='ocrx_word' id='word_1_22' title='bbox 316 471 380 561; x_wconf 89' lang='grc' dir='ltr'><strong><em>πρὸ</em></strong></span> <span class='ocrx_word' id='word_1_23' title='bbox 399 475 468 540; x_wconf 87' lang='grc' dir='ltr'><strong><em>τῶν</em></strong></span> <span class='ocrx_word' id='word_1_24' title='bbox 496 469 685 560; x_wconf 74' lang='grc' dir='ltr'><strong><em>ὀφθαλμῶν</em></strong></span> <span class='ocrx_word' id='word_1_25' title='bbox 704 477 878 541; x_wconf 87' lang='grc' dir='ltr'><strong><em>δείκνυσιν</em></strong></span> <span class='ocrx_word' id='word_1_26' title='bbox 897 474 1150 562; x_wconf 80' lang='grc' dir='ltr'><strong><em>ἐναργέστερον,</em></strong></span> 
     </span>
     <span class='ocr_line' id='line_1_5' title="bbox 134 575 1149 667; baseline 0.002 -21"><span class='ocrx_word' id='word_1_27' title='bbox 134 586 169 646; x_wconf 91' lang='grc' dir='ltr'><strong><em>τί</em></strong></span> <span class='ocrx_word' id='word_1_28' title='bbox 193 576 254 667; x_wconf 81' lang='grc' dir='ltr'><strong><em>χρὴ</em></strong></span> <span class='ocrx_word' id='word_1_29' title='bbox 281 581 446 648; x_wconf 82' lang='grc' dir='ltr'><strong><em>τοσοῦτον</em></strong></span> <span class='ocrx_word' id='word_1_30' title='bbox 474 575 636 647; x_wconf 83' lang='grc' dir='ltr'><strong><em>ιἰνιᾶσθαι</em></strong></span> <span class='ocrx_word' id='word_1_31' title='bbox 664 578 720 647; x_wconf 88' lang='grc' dir='ltr'><strong><em>καὶ</em></strong></span> <span class='ocrx_word' id='word_1_32' title='bbox 748 584 902 666; x_wconf 87' lang='grc' dir='ltr'><strong><em>σχετλίως</em></strong></span> <span class='ocrx_word' id='word_1_33' title='bbox 930 580 1061 667; x_wconf 84' lang='grc' dir='ltr'><strong><em>φέρειν;</em></strong></span> <span class='ocrx_word' id='word_1_34' title='bbox 1096 577 1149 648; x_wconf 82' lang='grc' dir='ltr'><strong><em>ὅτι</em></strong></span> 
     </span>
     <span class='ocr_line' id='line_1_6' title="bbox 136 681 841 775; baseline -0.001 -23"><span class='ocrx_word' id='word_1_35' title='bbox 136 683 172 753; x_wconf 71' lang='grc' dir='ltr'><strong><em>δὲ</em></strong></span> <span class='ocrx_word' id='word_1_36' title='bbox 201 681 262 753; x_wconf 84' lang='grc' dir='ltr'><strong><em>οὐκ</em></strong></span> <span class='ocrx_word' id='word_1_37' title='bbox 290 681 478 775; x_wconf 80' lang='grc' dir='ltr'><strong><em>ἇμόρτυρος</em></strong></span> <span class='ocrx_word' id='word_1_38' title='bbox 506 681 523 754; x_wconf 88' lang='grc' dir='ltr'><strong><em>δ</em></strong></span> <span class='ocrx_word' id='word_1_39' title='bbox 553 685 651 770; x_wconf 92' lang='grc' dir='ltr'><strong><em>λόγος</em></strong></span> <span class='ocrx_word' id='word_1_40' title='bbox 677 687 750 752; x_wconf 83' lang='grc' dir='ltr'><strong><em>ἐστί</em></strong></span> <span class='ocrx_word' id='word_1_41' title='bbox 774 711 841 771; x_wconf 86' lang='grc' dir='ltr'><strong><em>μοι,</em></strong></span> 
     </span>
    </p>
   </div>
   <div class='ocr_carea' id='block_1_3' title="bbox 56 806 1188 2880">
    <p class='ocr_par' dir='ltr' id='par_1_4' title="bbox 56 806 1188 2880">
     <span class='ocr_line' id='line_1_7' title="bbox 215 806 735 899; baseline 0 -23"><span class='ocrx_word' id='word_1_42' title='bbox 215 812 310 890; x_wconf 84' lang='grc' dir='ltr'><strong><em>Νοῦς</em></strong></span> <span class='ocrx_word' id='word_1_43' title='bbox 338 806 399 899; x_wconf 80' lang='grc' dir='ltr'><strong><em>ὁρῇ</em></strong></span> <span class='ocrx_word' id='word_1_44' title='bbox 427 810 483 878; x_wconf 80' lang='grc' dir='ltr'><strong><em>καί</em></strong></span> <span class='ocrx_word' id='word_1_45' title='bbox 510 812 593 890; x_wconf 84' lang='grc' dir='ltr'><strong><em>νοῦς</em></strong></span> <span class='ocrx_word' id='word_1_46' title='bbox 620 806 735 877; x_wconf 86' lang='grc' dir='ltr'><strong><em>ιἰκοόει</em></strong></span> 
     </span>
     <span class='ocr_line' id='line_1_8' title="bbox 136 929 1152 1023; baseline 0.003 -23"><span class='ocrx_word' id='word_1_47' title='bbox 136 936 240 1020; x_wconf 83' lang='grc' dir='ltr'><strong><em>φησὶν</em></strong></span> <span class='ocrx_word' id='word_1_48' title='bbox 268 929 286 1002; x_wconf 88' lang='grc' dir='ltr'>ὁ</span> <span class='ocrx_word' id='word_1_49' title='bbox 308 933 518 1020; x_wconf 77' lang='grc' dir='ltr'><strong><em>Σικελιώτης,</em></strong></span> <span class='ocrx_word' id='word_1_50' title='bbox 547 930 652 1012; x_wconf 78' lang='grc' dir='ltr'><strong><em>οὕτως</em></strong></span> <span class='ocrx_word' id='word_1_51' title='bbox 672 929 731 1012; x_wconf 83' lang='grc' dir='ltr'><strong><em>όξδ</em></strong></span> <span class='ocrx_word' id='word_1_52' title='bbox 754 936 863 1021; x_wconf 79' lang='grc' dir='ltr'><strong><em>χρῆμα</em></strong></span> <span class='ocrx_word' id='word_1_53' title='bbox 881 934 938 1001; x_wconf 85' lang='grc' dir='ltr'><strong><em>καὶ</em></strong></span> <span class='ocrx_word' id='word_1_54' title='bbox 956 932 1046 1021; x_wconf 83' lang='grc' dir='ltr'><strong><em>τάχει</em></strong></span> <span class='ocrx_word' id='word_1_55' title='bbox 1064 933 1152 1023; x_wconf 84' lang='grc' dir='ltr'><strong><em>χρώ-</em></strong></span> 
     </span>
     <span class='ocr_line' id='line_1_9' title="bbox 135 1036 1152 1131; baseline 0.001 -24"><span class='ocrx_word' id='word_1_56' title='bbox 135 1067 239 1127; x_wconf 86' lang='grc' dir='ltr'><strong><em>μενον</em></strong></span> <span class='ocrx_word' id='word_1_57' title='bbox 280 1036 459 1131; x_wconf 76' lang='grc' dir='ltr'><strong><em>ἀμηχάνῳ,</em></strong></span> <span class='ocrx_word' id='word_1_58' title='bbox 501 1037 587 1107; x_wconf 73' lang='grc' dir='ltr'><strong><em>ὥσθ’</em></strong></span> <span class='ocrx_word' id='word_1_59' title='bbox 632 1036 713 1107; x_wconf 82' lang='grc' dir='ltr'><strong><em>όταν</em></strong></span> <span class='ocrx_word' id='word_1_60' title='bbox 753 1037 829 1107; x_wconf 81' lang='grc' dir='ltr'><strong><em>τινδι</em></strong></span> <span class='ocrx_word' id='word_1_61' title='bbox 868 1041 937 1107; x_wconf 86' lang='grc' dir='ltr'><strong><em>τῶν</em></strong></span> <span class='ocrx_word' id='word_1_62' title='bbox 979 1039 1152 1126; x_wconf 76' lang='grc' dir='ltr'><strong><em>δαιμόνων</em></strong></span> 
     </span>
     <span class='ocr_line' id='line_1_10' title="bbox 127 1141 1152 1236; baseline 0.003 -24"><span class='ocrx_word' id='word_1_63' title='bbox 127 1142 274 1232; x_wconf 82' lang='grc' dir='ltr'><strong><em>Ὅμηρος</em></strong></span> <span class='ocrx_word' id='word_1_64' title='bbox 301 1147 400 1233; x_wconf 83' lang='grc' dir='ltr'><strong><em>ἐθίλη</em></strong></span> <span class='ocrx_word' id='word_1_65' title='bbox 432 1147 635 1234; x_wconf 80' lang='grc' dir='ltr'><strong><em>κεχρημένον</em></strong></span> <span class='ocrx_word' id='word_1_66' title='bbox 667 1141 794 1236; x_wconf 80' lang='grc' dir='ltr'><strong><em>ιἰπίστςο</em></strong></span> <span class='ocrx_word' id='word_1_67' title='bbox 827 1151 963 1233; x_wconf 82' lang='grc' dir='ltr'><strong><em>πορείας</em></strong></span> <span class='ocrx_word' id='word_1_68' title='bbox 990 1147 1152 1227; x_wconf 77' lang='grc' dir='ltr'><strong><em>ἐπιδείξαι</em></strong></span> 
     </span>
     <span class='ocr_line' id='line_1_11' title="bbox 135 1251 1188 1337; baseline 0.001 -19"><span class='ocrx_word' id='word_1_69' title='bbox 135 1251 240 1337; x_wconf 79' lang='grc' dir='ltr'><strong><em>τάχει,</em></strong></span> <span class='ocrx_word' id='word_1_70' title='bbox 1166 1278 1188 1319; x_wconf 84' lang='grc' dir='ltr'><strong><em>ιι</em></strong></span> 
     </span>
     <span class='ocr_line' id='line_1_12' title="bbox 213 1371 854 1465; baseline 0.006 -25"><span class='ocrx_word' id='word_1_71' title='bbox 213 1371 270 1454; x_wconf 78' lang='grc' dir='ltr'><strong><em>Ὡς</em></strong></span> <span class='ocrx_word' id='word_1_72' title='bbox 298 1372 330 1441; x_wconf 89' lang='grc' dir='ltr'><strong><em>δ’</em></strong></span> <span class='ocrx_word' id='word_1_73' title='bbox 361 1372 411 1442; x_wconf 79' lang='grc' dir='ltr'><strong><em>ὅτ’</em></strong></span> <span class='ocrx_word' id='word_1_74' title='bbox 442 1371 485 1444; x_wconf 77' lang='grc' dir='ltr'><strong><em>δν</em></strong></span> <span class='ocrx_word' id='word_1_75' title='bbox 513 1372 588 1463; x_wconf 64' lang='grc' dir='ltr'><strong><em>ιἰιξη</em></strong></span> <span class='ocrx_word' id='word_1_76' title='bbox 616 1375 697 1456; x_wconf 91' lang='grc' dir='ltr'><strong><em>νόος</em></strong></span> <span class='ocrx_word' id='word_1_77' title='bbox 724 1372 854 1465; x_wconf 87' lang='grc' dir='ltr'><strong><em>ιἰνέρος</em></strong></span> 
     </span>
     <span class='ocr_line' id='line_1_13' title="bbox 96 1513 1153 1607; baseline 0.003 -24"><span class='ocrx_word' id='word_1_78' title='bbox 96 1521 230 1602; x_wconf 82' lang='grc' dir='ltr'><strong><em>Βφησί.</em></strong></span> <span class='ocrx_word' id='word_1_79' title='bbox 281 1515 388 1607; x_wconf 74' lang='grc' dir='ltr'><strong><em>τούτῳ</em></strong></span> <span class='ocrx_word' id='word_1_80' title='bbox 425 1544 477 1585; x_wconf 93' lang='grc' dir='ltr'><strong><em>τοι</em></strong></span> <span class='ocrx_word' id='word_1_81' title='bbox 513 1517 682 1605; x_wconf 82' lang='grc' dir='ltr'><strong><em>χρώμενος</em></strong></span> <span class='ocrx_word' id='word_1_82' title='bbox 723 1520 828 1606; x_wconf 77' lang='grc' dir='ltr'><strong><em>ῥᾷστα</em></strong></span> <span class='ocrx_word' id='word_1_83' title='bbox 864 1516 926 1604; x_wconf 75' lang='grc' dir='ltr'><strong><em>μὲν</em></strong></span> <span class='ocrx_word' id='word_1_84' title='bbox 960 1513 1153 1604; x_wconf 72' lang='grc' dir='ltr'><strong><em>Ἀθήνηθεν</em></strong></span> 
     </span>
     <span class='ocr_line' id='line_1_14' title="bbox 138 1619 1151 1713; baseline 0.003 -25"><span class='ocrx_word' id='word_1_85' title='bbox 138 1619 212 1702; x_wconf 78' lang='grc' dir='ltr'><strong><em>ὄψει</em></strong></span> <span class='ocrx_word' id='word_1_86' title='bbox 248 1620 309 1689; x_wconf 89' lang='grc' dir='ltr'><strong><em>τὸν</em></strong></span> <span class='ocrx_word' id='word_1_87' title='bbox 340 1624 378 1690; x_wconf 80' lang='grc' dir='ltr'><strong><em>ἐν</em></strong></span> <span class='ocrx_word' id='word_1_88' title='bbox 412 1619 537 1712; x_wconf 79' lang='grc' dir='ltr'><strong><em>Ἰωνίᾳ,</em></strong></span> <span class='ocrx_word' id='word_1_89' title='bbox 575 1626 680 1713; x_wconf 80' lang='grc' dir='ltr'><strong><em>ῥᾷστα</em></strong></span> <span class='ocrx_word' id='word_1_90' title='bbox 713 1622 749 1691; x_wconf 78' lang='grc' dir='ltr'><strong><em>δδ</em></strong></span> <span class='ocrx_word' id='word_1_91' title='bbox 782 1626 818 1691; x_wconf 86' lang='grc' dir='ltr'><strong><em>ἐκ</em></strong></span> <span class='ocrx_word' id='word_1_92' title='bbox 849 1625 987 1691; x_wconf 88' lang='grc' dir='ltr'><strong><em>Κελτῶν</em></strong></span> <span class='ocrx_word' id='word_1_93' title='bbox 1019 1619 1081 1692; x_wconf 89' lang='grc' dir='ltr'><strong><em>τὸν</em></strong></span> <span class='ocrx_word' id='word_1_94' title='bbox 1115 1625 1151 1691; x_wconf 81' lang='grc' dir='ltr'><strong><em>ἐν</em></strong></span> 
     </span>
     <span class='ocr_line' id='line_1_15' title="bbox 135 1724 1153 1820; baseline 0.006 -27"><span class='ocrx_word' id='word_1_95' title='bbox 135 1724 307 1816; x_wconf 80' lang='grc' dir='ltr'><strong><em>Ἰλλυριοῖς</em></strong></span> <span class='ocrx_word' id='word_1_96' title='bbox 334 1728 389 1796; x_wconf 84' lang='grc' dir='ltr'><strong><em>καὶ</em></strong></span> <span class='ocrx_word' id='word_1_97' title='bbox 419 1728 544 1818; x_wconf 75' lang='grc' dir='ltr'><strong><em>Θρᾴκη,</em></strong></span> <span class='ocrx_word' id='word_1_98' title='bbox 571 1731 627 1797; x_wconf 84' lang='grc' dir='ltr'><strong><em>καὶ</em></strong></span> <span class='ocrx_word' id='word_1_99' title='bbox 653 1726 715 1798; x_wconf 91' lang='grc' dir='ltr'><strong><em>τδυ</em></strong></span> <span class='ocrx_word' id='word_1_100' title='bbox 743 1732 779 1797; x_wconf 82' lang='grc' dir='ltr'><strong><em>ἐν</em></strong></span> <span class='ocrx_word' id='word_1_101' title='bbox 798 1736 935 1810; x_wconf 80' lang='grc' dir='ltr'><strong><em>Κελτοῖς</em></strong></span> <span class='ocrx_word' id='word_1_102' title='bbox 963 1732 999 1797; x_wconf 94' lang='grc' dir='ltr'><strong><em>ἐκ</em></strong></span> <span class='ocrx_word' id='word_1_103' title='bbox 1019 1727 1153 1820; x_wconf 79' lang='grc' dir='ltr'><strong><em>Θρᾴκης</em></strong></span> 
     </span>
     <span class='ocr_line' id='line_1_16' title="bbox 138 1831 1187 1923; baseline 0.006 -24"><span class='ocrx_word' id='word_1_104' title='bbox 138 1835 194 1900; x_wconf 86' lang='grc' dir='ltr'><strong><em>καὶ</em></strong></span> <span class='ocrx_word' id='word_1_105' title='bbox 219 1831 397 1922; x_wconf 86' lang='grc' dir='ltr'><strong><em>Ἰλλυριῶν.</em></strong></span> <span class='ocrx_word' id='word_1_106' title='bbox 433 1836 489 1902; x_wconf 80' lang='grc' dir='ltr'><strong><em>καὶ</em></strong></span> <span class='ocrx_word' id='word_1_107' title='bbox 513 1832 577 1921; x_wconf 82' lang='grc' dir='ltr'><strong><em>γὰρ</em></strong></span> <span class='ocrx_word' id='word_1_108' title='bbox 596 1831 686 1920; x_wconf 78' lang='grc' dir='ltr'><strong><em>οὐδ’,</em></strong></span> <span class='ocrx_word' id='word_1_109' title='bbox 715 1832 825 1921; x_wconf 84' lang='grc' dir='ltr'><strong><em>ῶσπερ</em></strong></span> <span class='ocrx_word' id='word_1_110' title='bbox 851 1849 922 1915; x_wconf 80' lang='grc' dir='ltr'><strong><em>τοῖς</em></strong></span> <span class='ocrx_word' id='word_1_111' title='bbox 950 1849 1073 1923; x_wconf 74' lang='grc' dir='ltr'><strong><em>φυτοῖς</em></strong></span> <span class='ocrx_word' id='word_1_112' title='bbox 1090 1831 1187 1905; x_wconf 78' lang='grc' dir='ltr'><strong><em>οῶιιω</em></strong></span> 
     </span>
     <span class='ocr_line' id='line_1_17' title="bbox 56 1938 1153 2029; baseline 0.005 -23"><span class='ocrx_word' id='word_1_113' title='bbox 56 2002 59 2013; x_wconf 80' lang='grc'><strong>,</strong></span> <span class='ocrx_word' id='word_1_114' title='bbox 138 1945 187 2006; x_wconf 85' lang='grc' dir='ltr'><strong><em>ένι</em></strong></span> <span class='ocrx_word' id='word_1_115' title='bbox 216 1940 380 2023; x_wconf 82' lang='grc' dir='ltr'><strong><em>σώζεσθαι</em></strong></span> <span class='ocrx_word' id='word_1_116' title='bbox 397 1938 460 2026; x_wconf 82' lang='grc' dir='ltr'><strong><em>τήν</em></strong></span> <span class='ocrx_word' id='word_1_117' title='bbox 479 1941 613 2029; x_wconf 79' lang='grc' dir='ltr'><strong><em>συνήθη</em></strong></span> <span class='ocrx_word' id='word_1_118' title='bbox 633 1941 747 2029; x_wconf 88' lang='grc' dir='ltr'><strong><em>χώραν</em></strong></span> <span class='ocrx_word' id='word_1_119' title='bbox 774 1940 1050 2029; x_wconf 74' lang='grc' dir='ltr'><strong><em>μεταβάλλουσιν,</em></strong></span> <span class='ocrx_word' id='word_1_120' title='bbox 1069 1938 1153 2011; x_wconf 82' lang='grc' dir='ltr'><strong><em>ὅταν</em></strong></span> 
     </span>
     <span class='ocr_line' id='line_1_18' title="bbox 137 2038 1153 2137; baseline 0.003 -24"><span class='ocrx_word' id='word_1_121' title='bbox 137 2042 157 2132; x_wconf 79' lang='grc' dir='ltr'><em>ἡ</em></span> <span class='ocrx_word' id='word_1_122' title='bbox 185 2049 253 2114; x_wconf 90' lang='grc' dir='ltr'><strong><em>τῶν</em></strong></span> <span class='ocrx_word' id='word_1_123' title='bbox 281 2042 378 2133; x_wconf 87' lang='grc' dir='ltr'><strong><em>ώρῶν</em></strong></span> <span class='ocrx_word' id='word_1_124' title='bbox 405 2038 427 2135; x_wconf 79' lang='grc' dir='ltr'><strong><em>ᾖ</em></strong></span> <span class='ocrx_word' id='word_1_125' title='bbox 455 2047 571 2136; x_wconf 84' lang='grc' dir='ltr'><strong><em>κρώσις</em></strong></span> <span class='ocrx_word' id='word_1_126' title='bbox 598 2051 748 2133; x_wconf 81' lang='grc' dir='ltr'><strong><em>ἐναντία,</em></strong></span> <span class='ocrx_word' id='word_1_127' title='bbox 777 2048 832 2116; x_wconf 90' lang='grc' dir='ltr'><strong><em>καὶ</em></strong></span> <span class='ocrx_word' id='word_1_128' title='bbox 859 2061 929 2128; x_wconf 78' lang='grc' dir='ltr'><strong><em>τοῖς</em></strong></span> <span class='ocrx_word' id='word_1_129' title='bbox 956 2043 1153 2137; x_wconf 80' lang='grc' dir='ltr'><strong><em>ἀνθρώποις</em></strong></span> 
     </span>
     <span class='ocr_line' id='line_1_19' title="bbox 138 2149 1152 2244; baseline 0.004 -25"><span class='ocrx_word' id='word_1_130' title='bbox 138 2158 314 2240; x_wconf 81' lang='grc' dir='ltr'><strong><em>συμβαίνει</em></strong></span> <span class='ocrx_word' id='word_1_131' title='bbox 332 2152 436 2221; x_wconf 90' lang='grc' dir='ltr'><strong><em>τόπον</em></strong></span> <span class='ocrx_word' id='word_1_132' title='bbox 456 2155 491 2222; x_wconf 82' lang='grc' dir='ltr'><strong><em>ἐκ</em></strong></span> <span class='ocrx_word' id='word_1_133' title='bbox 508 2154 614 2222; x_wconf 91' lang='grc' dir='ltr'><strong><em>τόπον</em></strong></span> <span class='ocrx_word' id='word_1_134' title='bbox 633 2153 898 2241; x_wconf 81' lang='grc' dir='ltr'><strong><em>μεταβάλλουσιν</em></strong></span> <span class='ocrx_word' id='word_1_135' title='bbox 915 2149 937 2241; x_wconf 83' lang='grc' dir='ltr'><strong><em>ή</em></strong></span> <span class='ocrx_word' id='word_1_136' title='bbox 956 2159 1152 2244; x_wconf 79' lang='grc' dir='ltr'><strong><em>διαφθείρε-</em></strong></span> 
     </span>
     <span class='ocr_line' id='line_1_20' title="bbox 138 2255 1152 2349; baseline 0.004 -24"><span class='ocrx_word' id='word_1_137' title='bbox 138 2268 219 2326; x_wconf 89' lang='grc' dir='ltr'><strong><em>σθαι</em></strong></span> <span class='ocrx_word' id='word_1_138' title='bbox 246 2262 416 2339; x_wconf 88' lang='grc' dir='ltr'><strong><em>παντελῶς</em></strong></span> <span class='ocrx_word' id='word_1_139' title='bbox 442 2255 463 2345; x_wconf 77' lang='grc' dir='ltr'><strong><em>ἢ</em></strong></span> <span class='ocrx_word' id='word_1_140' title='bbox 491 2257 552 2328; x_wconf 86' lang='grc' dir='ltr'><strong><em>τὸν</em></strong></span> <span class='ocrx_word' id='word_1_141' title='bbox 579 2260 706 2349; x_wconf 87' lang='grc' dir='ltr'><strong><em>τρόπον</em></strong></span> <span class='ocrx_word' id='word_1_142' title='bbox 725 2257 875 2348; x_wconf 85' lang='grc' dir='ltr'><strong><em>ιἰμείβειν</em></strong></span> <span class='ocrx_word' id='word_1_143' title='bbox 896 2260 953 2328; x_wconf 81' lang='grc' dir='ltr'><strong><em>καὶ</em></strong></span> <span class='ocrx_word' id='word_1_144' title='bbox 980 2266 1152 2348; x_wconf 87' lang='grc' dir='ltr'><strong><em>μετατίθε-</em></strong></span> 
     </span>
     <span class='ocr_line' id='line_1_21' title="bbox 98 2356 1186 2455; baseline 0.004 -24"><span class='ocrx_word' id='word_1_145' title='bbox 98 2374 220 2433; x_wconf 81' lang='grc' dir='ltr'><strong><em>Οσθαι</em></strong></span> <span class='ocrx_word' id='word_1_146' title='bbox 251 2366 326 2453; x_wconf 77' lang='grc' dir='ltr'><strong><em>περὶ</em></strong></span> <span class='ocrx_word' id='word_1_147' title='bbox 359 2356 407 2432; x_wconf 85' lang='grc' dir='ltr'><strong><em>ῶν</em></strong></span> <span class='ocrx_word' id='word_1_148' title='bbox 444 2362 556 2454; x_wconf 89' lang='grc' dir='ltr'><strong><em>ὀρθῶς</em></strong></span> <span class='ocrx_word' id='word_1_149' title='bbox 591 2365 742 2455; x_wconf 90' lang='grc' dir='ltr'><strong><em>πρόσθεν</em></strong></span> <span class='ocrx_word' id='word_1_150' title='bbox 779 2366 977 2452; x_wconf 88' lang='grc' dir='ltr'><strong><em>ἐγνώκεσαν.</em></strong></span> <span class='ocrx_word' id='word_1_151' title='bbox 1023 2363 1186 2447; x_wconf 81' lang='grc' dir='ltr'><strong><em>οῶκονιίιι</em></strong></span> 
     </span>
     <span class='ocr_line' id='line_1_22' title="bbox 140 2467 1153 2561; baseline 0.004 -24"><span class='ocrx_word' id='word_1_152' title='bbox 140 2467 221 2538; x_wconf 75' lang='grc' dir='ltr'><strong><em>οὐδὲ</em></strong></span> <span class='ocrx_word' id='word_1_153' title='bbox 248 2469 310 2558; x_wconf 79' lang='grc' dir='ltr'><strong><em>τὴν</em></strong></span> <span class='ocrx_word' id='word_1_154' title='bbox 338 2468 475 2539; x_wconf 84' lang='grc' dir='ltr'><strong><em>εόνοιαν</em></strong></span> <span class='ocrx_word' id='word_1_155' title='bbox 494 2469 706 2561; x_wconf 78' lang='grc' dir='ltr'><strong><em>ἀμβλυτέραν</em></strong></span> <span class='ocrx_word' id='word_1_156' title='bbox 734 2478 821 2560; x_wconf 77' lang='grc' dir='ltr'><strong><em>ἔχειν</em></strong></span> <span class='ocrx_word' id='word_1_157' title='bbox 840 2473 939 2557; x_wconf 82' lang='grc' dir='ltr'><strong><em>εἰκός,</em></strong></span> <span class='ocrx_word' id='word_1_158' title='bbox 967 2477 1010 2541; x_wconf 83' lang='grc' dir='ltr'><strong><em>εί</em></strong></span> <span class='ocrx_word' id='word_1_159' title='bbox 1025 2470 1070 2560; x_wconf 84' lang='grc' dir='ltr'><strong><em>μὴ</em></strong></span> <span class='ocrx_word' id='word_1_160' title='bbox 1098 2473 1153 2543; x_wconf 76' lang='grc' dir='ltr'><strong><em>καὶ</em></strong></span> 
     </span>
     <span class='ocr_line' id='line_1_23' title="bbox 138 2574 1153 2669; baseline 0.004 -26"><span class='ocrx_word' id='word_1_161' title='bbox 138 2578 265 2662; x_wconf 81' lang='grc' dir='ltr'><strong><em>μᾶλλον</em></strong></span> <span class='ocrx_word' id='word_1_162' title='bbox 293 2574 426 2662; x_wconf 82' lang='grc' dir='ltr'><strong><em>ἀγαπᾶν</em></strong></span> <span class='ocrx_word' id='word_1_163' title='bbox 457 2579 512 2646; x_wconf 84' lang='grc' dir='ltr'><strong><em>καὶ</em></strong></span> <span class='ocrx_word' id='word_1_164' title='bbox 541 2579 702 2668; x_wconf 89' lang='grc' dir='ltr'><strong><em>στέργειν·</em></strong></span> <span class='ocrx_word' id='word_1_165' title='bbox 731 2581 841 2647; x_wconf 78' lang='grc' dir='ltr'><strong><em>ἕπεται</em></strong></span> <span class='ocrx_word' id='word_1_166' title='bbox 874 2577 937 2666; x_wconf 84' lang='grc' dir='ltr'><strong><em>γὰρ</em></strong></span> <span class='ocrx_word' id='word_1_167' title='bbox 965 2575 1065 2667; x_wconf 79' lang='grc' dir='ltr'><strong><em>ὕβρις</em></strong></span> <span class='ocrx_word' id='word_1_168' title='bbox 1092 2578 1153 2669; x_wconf 76' lang='grc' dir='ltr'><strong><em>μὲν</em></strong></span> 
     </span>
     <span class='ocr_line' id='line_1_24' title="bbox 138 2682 1153 2774; baseline 0.005 -24"><span class='ocrx_word' id='word_1_169' title='bbox 138 2682 243 2773; x_wconf 72' lang='grc' dir='ltr'><strong><em>κόρῳ,</em></strong></span> <span class='ocrx_word' id='word_1_170' title='bbox 282 2689 365 2771; x_wconf 83' lang='grc' dir='ltr'><strong><em>ἔρως</em></strong></span> <span class='ocrx_word' id='word_1_171' title='bbox 403 2682 440 2752; x_wconf 76' lang='grc' dir='ltr'><strong><em>δέ</em></strong></span> <span class='ocrx_word' id='word_1_172' title='bbox 476 2687 598 2774; x_wconf 78' lang='grc' dir='ltr'><strong><em>ἐνδείᾳ.</em></strong></span> <span class='ocrx_word' id='word_1_173' title='bbox 647 2686 704 2752; x_wconf 81' lang='grc' dir='ltr'><strong><em>καὶ</em></strong></span> <span class='ocrx_word' id='word_1_174' title='bbox 739 2684 843 2774; x_wconf 86' lang='grc' dir='ltr'><strong><em>ταότη</em></strong></span> <span class='ocrx_word' id='word_1_175' title='bbox 879 2690 998 2753; x_wconf 89' lang='grc' dir='ltr'><strong><em>τοίνυν</em></strong></span> <span class='ocrx_word' id='word_1_176' title='bbox 1035 2687 1153 2773; x_wconf 76' lang='grc' dir='ltr'><strong><em>ἕξομεν</em></strong></span> 
     </span>
     <span class='ocr_line' id='line_1_25' title="bbox 139 2787 1153 2880; baseline 0.004 -24"><span class='ocrx_word' id='word_1_177' title='bbox 139 2791 284 2875; x_wconf 82' lang='grc' dir='ltr'><strong><em>βέλτιον,</em></strong></span> <span class='ocrx_word' id='word_1_178' title='bbox 317 2792 563 2878; x_wconf 84' lang='grc' dir='ltr'><strong><em>έπιτεινομένης</em></strong></span> <span class='ocrx_word' id='word_1_179' title='bbox 595 2787 676 2878; x_wconf 76' lang='grc' dir='ltr'><strong><em>ἡμῖν</em></strong></span> <span class='ocrx_word' id='word_1_180' title='bbox 707 2793 765 2878; x_wconf 81' lang='grc' dir='ltr'><strong><em>τῆς</em></strong></span> <span class='ocrx_word' id='word_1_181' title='bbox 791 2790 875 2880; x_wconf 87' lang='grc' dir='ltr'><strong><em>πρὸς</em></strong></span> <span class='ocrx_word' id='word_1_182' title='bbox 907 2787 1073 2878; x_wconf 77' lang='grc' dir='ltr'><strong><em>ἀλλήλους</em></strong></span> <span class='ocrx_word' id='word_1_183' title='bbox 1099 2788 1153 2860; x_wconf 79' lang='grc' dir='ltr'><strong><em>εὖ·</em></strong></span> 
     </span>
    </p>
   </div>
   <div class='ocr_carea' id='block_1_4' title="bbox 138 3022 1190 3571">
    <p class='ocr_par' dir='ltr' id='par_1_5' title="bbox 138 3022 1190 3571">
     <span class='ocr_line' id='line_1_26' title="bbox 226 3022 1190 3110; baseline 0.007 -34"><span class='ocrx_word' id='word_1_184' title='bbox 226 3032 236 3076; x_wconf 90' lang='lat'>1</span> <span class='ocrx_word' id='word_1_185' title='bbox 262 3022 357 3090; x_wconf 86' lang='grc' dir='ltr'><strong><em>πόρρω</em></strong></span> <span class='ocrx_word' id='word_1_186' title='bbox 376 3026 425 3080; x_wconf 78' lang='grc' dir='ltr'><strong><em>καὶ</em></strong></span> <span class='ocrx_word' id='word_1_187' title='bbox 445 3027 515 3110; x_wconf 86' lang='lat' dir='ltr'><strong><em>VM]</em></strong></span> <span class='ocrx_word' id='word_1_188' title='bbox 535 3024 643 3106; x_wconf 84' lang='grc' dir='ltr'><strong><em>πόρρω</em></strong></span> <span class='ocrx_word' id='word_1_189' title='bbox 714 3034 730 3082; x_wconf 76' lang='lat'>2</span> <span class='ocrx_word' id='word_1_190' title='bbox 753 3025 856 3097; x_wconf 80' lang='grc' dir='ltr'><strong><em>γενομέ</em></strong></span> <span class='ocrx_word' id='word_1_191' title='bbox 857 3047 914 3081; x_wconf 88' lang='grc' dir='ltr'><strong><em>νων</em></strong></span> <span class='ocrx_word' id='word_1_192' title='bbox 932 3027 971 3097; x_wconf 91' lang='grc' dir='ltr'><strong><em>Η]</em></strong></span> <span class='ocrx_word' id='word_1_193' title='bbox 992 3026 1154 3097; x_wconf 67' lang='grc' dir='ltr'><strong><em>λεγομένου</em></strong></span> <span class='ocrx_word' id='word_1_194' title='bbox 1187 3052 1190 3107; x_wconf 61' lang='grc'>;</span> 
     </span>
     <span class='ocr_line' id='line_1_27' title="bbox 139 3089 1190 3178; baseline 0.005 -34"><span class='ocrx_word' id='word_1_195' title='bbox 139 3093 263 3160; x_wconf 74' lang='grc' dir='ltr'><strong><em>ἵφησιν</em></strong></span> <span class='ocrx_word' id='word_1_196' title='bbox 282 3094 346 3162; x_wconf 90' lang='lat' dir='ltr'><strong><em>VM]</em></strong></span> <span class='ocrx_word' id='word_1_197' title='bbox 367 3093 438 3161; x_wconf 74' lang='grc' dir='ltr'><strong><em>φησι</em></strong></span> <span class='ocrx_word' id='word_1_198' title='bbox 466 3089 501 3162; x_wconf 85' lang='grc' dir='ltr'><strong><em>Ιδ</em></strong></span> <span class='ocrx_word' id='word_1_199' title='bbox 520 3089 707 3178; x_wconf 86' lang='grc' dir='ltr'><strong><em>Σικελιώτης]</em></strong></span> <span class='ocrx_word' id='word_1_200' title='bbox 727 3099 916 3178; x_wconf 74' lang='lat' dir='ltr'><strong>Epicharmus.</strong></span> <span class='ocrx_word' id='word_1_201' title='bbox 934 3099 990 3148; x_wconf 73' lang='lat' dir='ltr'>vid,</span> <span class='ocrx_word' id='word_1_202' title='bbox 1009 3100 1154 3163; x_wconf 73' lang='lat' dir='ltr'><strong><em>Wyttenb.</em></strong></span> <span class='ocrx_word' id='word_1_203' title='bbox 1187 3118 1190 3149; x_wconf 77' lang='grc' dir='ltr'><strong><em>ε</em></strong></span> 
     </span>
     <span class='ocr_line' id='line_1_28' title="bbox 139 3159 1154 3233; baseline 0.007 -21"><span class='ocrx_word' id='word_1_204' title='bbox 139 3163 173 3212; x_wconf 82' lang='grc' dir='ltr'><strong><em>οδ</em></strong></span> <span class='ocrx_word' id='word_1_205' title='bbox 192 3163 264 3216; x_wconf 72' lang='lat' dir='ltr'>Plut</span> <span class='ocrx_word' id='word_1_206' title='bbox 283 3180 349 3214; x_wconf 81' lang='lat' dir='ltr'>mor.</span> <span class='ocrx_word' id='word_1_207' title='bbox 367 3167 489 3228; x_wconf 79' lang='lat'><strong>336131</strong></span> <span class='ocrx_word' id='word_1_208' title='bbox 484 3161 668 3232; x_wconf 78' lang='grc' dir='ltr'><strong><em>Ιγριόμενον</em></strong></span> <span class='ocrx_word' id='word_1_209' title='bbox 685 3163 725 3233; x_wconf 90' lang='grc' dir='ltr'><strong><em>Μ]</em></strong></span> <span class='ocrx_word' id='word_1_210' title='bbox 745 3159 887 3232; x_wconf 74' lang='grc' dir='ltr'><strong><em>χρώμενος</em></strong></span> <span class='ocrx_word' id='word_1_211' title='bbox 974 3167 990 3216; x_wconf 85' lang='grc'><strong>8</strong></span> <span class='ocrx_word' id='word_1_212' title='bbox 1015 3164 1074 3217; x_wconf 82' lang='grc' dir='ltr'><strong><em>τῶν</em></strong></span> <span class='ocrx_word' id='word_1_213' title='bbox 1091 3166 1154 3219; x_wconf 72' lang='grc' dir='ltr'><strong><em>αδδ.</em></strong></span> 
     </span>
     <span class='ocr_line' id='line_1_29' title="bbox 138 3224 1147 3313; baseline 0.009 -35"><span class='ocrx_word' id='word_1_214' title='bbox 138 3231 196 3279; x_wconf 90' lang='lat' dir='ltr'><strong><em>VM</em></strong></span> <span class='ocrx_word' id='word_1_215' title='bbox 228 3225 475 3313; x_wconf 81' lang='grc' dir='ltr'><strong><em>9έπιδείξειρ</em></strong></span> <span class='ocrx_word' id='word_1_216' title='bbox 478 3239 513 3286; x_wconf 79' lang='lat' dir='ltr'><strong><em>et</em></strong></span> <span class='ocrx_word' id='word_1_217' title='bbox 585 3237 615 3284; x_wconf 90' lang='lat'><strong><em>11</em></strong></span> <span class='ocrx_word' id='word_1_218' title='bbox 638 3234 718 3288; x_wconf 79' lang='lat' dir='ltr'><strong>Iliad.</strong></span> <span class='ocrx_word' id='word_1_219' title='bbox 736 3249 766 3294; x_wconf 88' lang='grc' dir='ltr'><strong><em>ο,</em></strong></span> <span class='ocrx_word' id='word_1_220' title='bbox 784 3236 817 3285; x_wconf 84' lang='grc'><strong><em>80</em></strong></span> <span class='ocrx_word' id='word_1_221' title='bbox 849 3233 853 3295; x_wconf 97' lang='grc' dir='ltr'>Ι</span> <span class='ocrx_word' id='word_1_222' title='bbox 885 3224 952 3285; x_wconf 81' lang='grc' dir='ltr'><strong><em>δ’”</em></strong></span> <span class='ocrx_word' id='word_1_223' title='bbox 934 3224 1045 3285; x_wconf 79' lang='grc' dir='ltr'><strong><em>οτανοί</em></strong></span> <span class='ocrx_word' id='word_1_224' title='bbox 1048 3230 1147 3299; x_wconf 72' lang='grc' dir='ltr'><strong><em>ΐξΜ</em></strong></span> 
     </span>
     <span class='ocr_line' id='line_1_30' title="bbox 138 3230 1109 3382; baseline 0.005 -34"><span class='ocrx_word' id='word_1_225' title='bbox 138 3289 166 3348; x_wconf 90' lang='grc' dir='ltr'><strong><em>δ’</em></strong></span> <span class='ocrx_word' id='word_1_226' title='bbox 192 3288 236 3349; x_wconf 79' lang='grc' dir='ltr'><strong><em>ὅτ’</em></strong></span> <span class='ocrx_word' id='word_1_227' title='bbox 260 3289 368 3366; x_wconf 81' lang='grc' dir='ltr'><strong><em>ἆναίξη</em></strong></span> <span class='ocrx_word' id='word_1_228' title='bbox 390 3250 492 3349; x_wconf 71' lang='lat' dir='ltr'>vetpV</span> <span class='ocrx_word' id='word_1_229' title='bbox 579 3304 609 3352; x_wconf 84' lang='lat'><strong><em>13</em></strong></span> <span class='ocrx_word' id='word_1_230' title='bbox 632 3294 723 3374; x_wconf 86' lang='grc' dir='ltr'><strong><em>Ἰονία</em></strong></span> <span class='ocrx_word' id='word_1_231' title='bbox 746 3302 769 3349; x_wconf 92' lang='lat' dir='ltr'>V</span> <span class='ocrx_word' id='word_1_232' title='bbox 788 3307 845 3382; x_wconf 53' lang='grc' dir='ltr'><strong><em>μετ</em></strong></span> <span class='ocrx_word' id='word_1_233' title='bbox 932 3304 964 3352; x_wconf 81' lang='grc'><strong><em>15</em></strong></span> <span class='ocrx_word' id='word_1_234' title='bbox 990 3290 1061 3354; x_wconf 72' lang='grc' dir='ltr'><strong><em>οὔδ’</em></strong></span> <span class='ocrx_word' id='word_1_235' title='bbox 1048 3230 1109 3353; x_wconf 47' lang='lat' dir='ltr'><em>Q</em></span> 
     </span>
     <span class='ocr_line' id='line_1_31' title="bbox 138 3317 1155 3451; baseline 0.008 -36"><span class='ocrx_word' id='word_1_236' title='bbox 138 3358 209 3418; x_wconf 71' lang='grc' dir='ltr'><strong><em>ου’δε</em></strong></span> <span class='ocrx_word' id='word_1_237' title='bbox 296 3368 328 3416; x_wconf 89' lang='grc'><strong><em>16</em></strong></span> <span class='ocrx_word' id='word_1_238' title='bbox 346 3351 575 3434; x_wconf 71' lang='grc' dir='ltr'><strong><em>μεταβάλλουσιν</em></strong></span> <span class='ocrx_word' id='word_1_239' title='bbox 595 3367 660 3434; x_wconf 89' lang='lat' dir='ltr'><strong><em>VM]</em></strong></span> <span class='ocrx_word' id='word_1_240' title='bbox 683 3317 895 3449; x_wconf 83' lang='grc' dir='ltr'><strong><em>μεταβαλλονοι</em></strong></span> <span class='ocrx_word' id='word_1_241' title='bbox 981 3372 1012 3420; x_wconf 80' lang='grc'><strong><em>17</em></strong></span> <span class='ocrx_word' id='word_1_242' title='bbox 1030 3361 1155 3451; x_wconf 68' lang='grc' dir='ltr'><strong><em>ῶρῶτῖ</em></strong></span> 
     </span>
     <span class='ocr_line' id='line_1_32' title="bbox 139 3427 1155 3520; baseline 0.009 -37"><span class='ocrx_word' id='word_1_243' title='bbox 139 3435 171 3484; x_wconf 87' lang='grc'><strong><em>18</em></strong></span> <span class='ocrx_word' id='word_1_244' title='bbox 189 3428 418 3515; x_wconf 76' lang='grc' dir='ltr'><strong><em>μεταβάλλουσιν</em></strong></span> <span class='ocrx_word' id='word_1_245' title='bbox 437 3433 505 3501; x_wconf 75' lang='lat' dir='ltr'><strong><em>VM]</em></strong></span> <span class='ocrx_word' id='word_1_246' title='bbox 524 3435 735 3520; x_wconf 78' lang='grc' dir='ltr'><strong><em>μεταβάλλουσι</em></strong></span> <span class='ocrx_word' id='word_1_247' title='bbox 804 3440 837 3487; x_wconf 77' lang='lat'><strong><em>20</em></strong></span> <span class='ocrx_word' id='word_1_248' title='bbox 859 3427 966 3488; x_wconf 74' lang='grc' dir='ltr'><strong><em>οὔκουν</em></strong></span> <span class='ocrx_word' id='word_1_249' title='bbox 982 3432 1025 3503; x_wconf 85' lang='grc' dir='ltr'><strong><em>Μ]</em></strong></span> <span class='ocrx_word' id='word_1_250' title='bbox 1045 3428 1155 3491; x_wconf 58' lang='lat' dir='ltr'><strong><em>om&amp;</em></strong></span> 
     </span>
     <span class='ocr_line' id='line_1_33' title="bbox 138 3494 979 3571; baseline 0.004 -21"><span class='ocrx_word' id='word_1_251' title='bbox 138 3505 169 3550; x_wconf 79' lang='lat'><strong><em>21</em></strong></span> <span class='ocrx_word' id='word_1_252' title='bbox 191 3494 320 3568; x_wconf 77' lang='grc' dir='ltr'><strong><em>εὔνοιαν]</em></strong></span> <span class='ocrx_word' id='word_1_253' title='bbox 340 3497 477 3555; x_wconf 78' lang='grc' dir='ltr'><strong><em>διάνοιαν</em></strong></span> <span class='ocrx_word' id='word_1_254' title='bbox 494 3503 524 3552; x_wconf 93' lang='grc' dir='ltr'><strong>Μ</strong></span> <span class='ocrx_word' id='word_1_255' title='bbox 592 3508 624 3554; x_wconf 74' lang='grc'><strong><em>22</em></strong></span> <span class='ocrx_word' id='word_1_256' title='bbox 643 3500 752 3569; x_wconf 84' lang='grc' dir='ltr'><strong><em>επεται]</em></strong></span> <span class='ocrx_word' id='word_1_257' title='bbox 772 3497 933 3571; x_wconf 78' lang='grc' dir='ltr'><strong><em>ἐπιγίνεται</em></strong></span> <span class='ocrx_word' id='word_1_258' title='bbox 949 3502 979 3553; x_wconf 84' lang='grc' dir='ltr'><strong>Μ</strong></span> 
     </span>
    </p>
   </div>
   <div class='ocr_carea' id='block_1_5' title="bbox 0 0 1200 3960">
    <p class='ocr_par' dir='ltr' id='par_1_6' title="bbox 0 0 1200 3960">
     <span class='ocr_line' id='line_1_34' title="bbox 0 0 1200 3960; baseline 0 0"><span class='ocrx_word' id='word_1_259' title='bbox 0 0 1200 3960; x_wconf 95' lang='lat' dir='ltr'><strong><em> </em></strong></span> 
     </span>
    </p>
   </div>
  </div>
 </body>
</html>
