2370 3908
475 161 615 213 ossfflo
633 162 669 213 11.
1016 160 1075 225 101

56 291 116 360 καὶ
144 286 253 371 ἄλλως
286 294 365 377 ἔχει,
399 284 631 376 ἀγνοούμενον
663 286 747 378 πρὸς
778 284 875 376 ῦμῦν
903 285 969 377 όπη
996 288 1077 358 ποτὲ

58 392 103 466 ἀν
131 393 246 485 ὀρθῶς
273 402 432 483 γίγνοιτο.
474 395 542 463 ἐπεὶ
561 396 617 463 καὶ
635 393 696 464 τὸν
712 392 894 483 Ἀθηναίου
913 395 1077 484 ἐνενόησα

57 501 237 591 Σωκράτη·
267 512 336 571 ίστε
364 501 401 571 δὲ
428 497 522 590 ῦμείς
550 497 634 591 ἀκοῇ
661 499 721 571 τὸν
749 498 858 591 ἀνδρα
885 503 942 571 καὶ
969 500 1006 570 τό
1027 498 1074 570 ἐπ’
1096 532 1154 585 ης·

58 606 152 701 αύτῷ
180 610 275 691 κλέος
301 610 359 697 τῆς
386 614 509 696 σοφίας
535 605 625 697 παρὰ
652 611 710 696 τῆς
733 615 870 689 Πυθίας
898 610 1077 696 ἐκβοηθέν·

30 713 101 786 εοέ
130 717 236 785 ταῦτα
264 712 531 804 εὐδαιμονοῦντα
551 711 631 783 οῦδὲ
660 712 862 803 εὐδαίμονας
889 717 945 784 καὶ
973 744 1079 804 μακαή

58 829 157 913 ρίους
185 818 416 911 ὁμολογοῦντα
442 821 523 902 τοὺς
553 819 680 909 πολλὴν
707 823 927 909 κεκτημένους
954 821 1078 911 χώραν,

57 938 197 999 πλείστα
224 926 257 996 δ’
288 934 372 1016 ἔθνη
405 929 462 996 καὶ
490 930 527 996 ἐν
560 923 675 1008 αῦτοϊς
701 925 848 1009 πολλοῦς
878 927 940 1016 μὲν
965 924 1078 1016 Ἑλλή-

57 1063 142 1122 νων,
170 1042 305 1116 πλείους
332 1034 369 1103 δὲ
402 1040 449 1103 ἐτι
476 1037 533 1104 καὶ
561 1040 692 1122 μείζους
723 1035 905 1124 βαρβάρων
933 1036 989 1104 καὶ
1015 1032 1077 1104 τὸν

48 1140 147 1211 ’Ἀθω
167 1139 355 1232 διορύττειν
383 1143 595 1231 δυναμένους
618 1142 673 1210 καὶ
694 1147 810 1232 σγεδίηι
828 1139 887 1222 τὰς
905 1138 1077 1231 ἠπείρους,

16 1271 44 1311 1⁰
57 1246 198 1319 ἐπειδὰν
230 1250 373 1317 ἐθέλωσι
405 1253 609 1336 διαβαίνειν,
643 1248 874 1329 συνάπτοντας
901 1250 957 1316 καὶ
991 1253 1076 1336 ἔθνη

56 1356 391 1445 καταστρεφομένους
423 1357 478 1423 καὶ
511 1357 691 1444 αίροῦντας
722 1354 849 1443 νήσους
884 1356 940 1422 καὶ
973 1375 1118 1443 σαγη-Β

56 1461 222 1542 νεύοντας
248 1463 303 1530 καὶ
331 1464 520 1548 λιβανωτοῦ
547 1466 636 1549 χίλια
663 1461 809 1531 τάλαντα
836 1460 1078 1542 καταθύοντας.

58 1567 139 1639 ούτε
177 1559 240 1637 οῦν
272 1568 400 1656 Ξέρξην
437 1569 562 1647 ἐκεῖνος
600 1566 712 1655 ἐπῄνει
749 1567 829 1636 ποτὲ
866 1565 943 1636 οῦτε
975 1565 1078 1655 ἀλλον

57 1672 135 1745 τινὰ
161 1676 305 1763 Περσῶν
332 1669 353 1761 ἢ
381 1675 508 1743 Λυδῶν
535 1668 556 1761 ἢ
584 1672 796 1743 Μακεδόνων
824 1675 973 1762 βασιλέα,
1002 1670 1075 1744 ἀλλ’

17 1804 46 1845 ιο
59 1778 143 1851 οῦδὲ
179 1777 347 1868 Ἑλλήνων
389 1780 590 1868 στρατηγόν,
631 1778 718 1868 πλὴν
760 1781 895 1870 σφόδρα
944 1778 1078 1868 ὀλίγων,

58 1883 208 1969 ὁπόσους
235 1883 394 1973 ἠπίστατο
414 1892 593 1975 χαίροντας
621 1882 721 1976 ἀρετῇ
743 1889 800 1955 καὶ
829 1884 1079 1976 ἀσπαζομένους

57 1991 223 2083 ἀνδρείαν
241 1990 322 2082 μετὰ
340 1992 566 2082 σωφροσύνης
588 1993 644 2060 καὶ
663 1991 832 2082 φρόνησιν
851 1992 931 2081 μετά
950 1999 1077 2062 δικαιο-

57 2100 166 2188 σύνης
198 2101 406 2190 στέργοντας.
452 2096 554 2180 ὅσους
587 2098 624 2167 δὲ
658 2094 816 2187 ἀγχίνους
847 2095 868 2187 ἢ
896 2097 1029 2180 δεινοὺς
1056 2095 1079 2187 ἢ

57 2204 301 2297 στρατηγικοὺς
336 2202 357 2295 ἢ
390 2204 542 2294 κομψούς
578 2207 634 2274 καὶ
669 2208 715 2296 τῷ
753 2205 873 2294 πλήθει
909 2204 1080 2287 πιθανοὺς

17 2336 46 2379 κο
59 2312 165 2403 ἐώρα,
203 2308 314 2402 σμίκρ’
350 2310 431 2380 ἅττα
467 2311 568 2401 μόρια
604 2314 908 2400 κατανειμαμένους
950 2308 1077 2401 ἀρετῆς,

59 2416 144 2490 υύδέ
170 2420 312 2499 τούτους
345 2421 379 2500 ἐς
406 2415 496 2486 ἅπαν
528 2418 650 2509 ἐπῄνει.
696 2421 806 2487 ἕπεται
834 2418 872 2487 δὲ
904 2415 1010 2486 αὐτοῦ
1037 2421 1117 2508 τῇς

57 2531 169 2617 κρίσει
202 2528 321 2612 σοφῶν
353 2522 490 2615 ἀνδρῶν
523 2528 628 2613 δῆμος
664 2521 786 2614 ἀρετὴν
821 2524 1078 2617 θεραπεύοντες,

58 2630 102 2701 τῦ
130 2629 244 2701 κλεινά
264 2630 302 2700 δὲ
321 2629 414 2720 οἶμαι
432 2634 536 2700 ταῦτα
554 2634 610 2700 καὶ
628 2630 809 2720 θαυμαστὰ
828 2636 864 2701 οί
879 2631 940 2721 μὲν
960 2629 1078 2719 ὀλίγον

58 2737 164 2825 τινός,
193 2741 230 2807 οί
254 2737 291 2807 δέ
320 2734 462 2820 οῦδενὸς
489 2735 564 2820 ἀξια
592 2738 752 2825 λέγοντες.
794 2744 825 2807 εί
851 2738 912 2826 μέν
932 2729 995 2807 οῦν
1022 2739 1079 2807 καὶ

17 2840 142 2933 ιτύμῑν
173 2842 278 2934 τούτη
311 2870 357 2934 πη
390 2847 559 2932 ξυνδοκεῖ,
592 2848 668 2926 δέος
701 2842 742 2914 οῦ
775 2845 909 2932 φαῦλόν
941 2872 980 2932 με
1013 2851 1079 2932 ἔχει

56 2952 137 3042 περὶ
169 2954 238 3020 νῦν
271 2957 462 3041 ἔμπροσθεν
494 2951 604 3038 λόγων
640 2952 695 3020 καὶ
729 2953 890 3038 ἐμαυτοῦ,
923 2951 967 3040 μή
999 2977 1078 3021 ποτε

202 3132 356 3218 νούμενον
362 3140 387 3189 V
407 3131 450 3202 Ι
436 3135 515 3203 υμῶν
533 3129 603 3202 V]
586 3135 669 3202 ημῶν
688 3123 733 3201 Ι”
716 3149 774 3200 οπη
792 3125 861 3202 V]“
844 3151 912 3187 οποι
981 3139 997 3186 3
1016 3136 1079 3188 Σιο-

55 3197 150 3273 miv]
128 3130 218 3272 Ῑᾶβ]
248 3206 316 3257 Σωκ
335 3197 410 3270 α’την
441 3210 446 3265 Ι
480 3204 523 3255 Of.
542 3205 614 3256 Plat
635 3205 719 3270 Gorg.
741 3204 829 3256 4701)
850 3219 891 3287 ‚⁸⁵-
927 3205 1015 3284 Logg
1035 3203 1079 3254 111

55 3276 109 3327 ⁶⁹8
131 3288 153 3327 ε.
236 3276 252 3324 ό
261 3223 543 3356 εόδαιμονοῦντα]
560 3264 739 3324 ἐπαινοῦντα
765 3271 811 3323 vel
840 3265 1078 3338 αποστμνύνοντα

56 3340 127 3396 m.
198 3332 269 3392 λδ
291 3339 369 3408 VM]
394 3336 428 3393 δὲ
497 3331 672 3392 θ”λθωνλᾶ
703 3339 841 3391 cs24313
913 3343 944 3392 13
967 3334 1078 3419 ἐκεινος

57 3400 160 3479 him
188 3403 258 3461 ποτὲ
282 3408 357 3476 VM]
388 3403 453 3460 τότε
477 3399 588 3487 ἐκεινμς
610 3401 711 3489 ἐπῄνει
744 3410 748 3469 Ι
781 3398 870 3459 ἀλλον
892 3405 960 3473 VM]
984 3398 1079 3457 ἀλλων

58 3478 93 3529 1⁶
112 3470 231 3544 ἐλέγους
254 3481 330 3528 eant.
401 3479 435 3528 20
457 3468 563 3542 σμικροὶ
585 3469 620 3527 τά
644 3477 684 3542 V,
710 3473 869 3542 σμικράττα
890 3475 920 3524 Μ
988 3477 1020 3525 21
1048 3465 1078 3534 ἐς

55 3540 100 3613 V]
126 3540 168 3607 είς
