2392 3960
101 159 164 224 332
402 160 545 210 ιοιῑιαι
568 159 816 212 ιωιιιιιιέοιιεε

102 284 145 356 άν
172 288 322 374 λέγοιντο
355 288 423 354 τῶν
450 292 635 354 καλλίστων
666 285 818 374 πράξεων
846 288 1115 378 διημαρτηκότες,

102 391 189 482 πλὴν
217 402 297 475 ίσως
325 391 381 461 διά
408 390 471 480 την
494 389 649 479 Στωικὴν
677 397 846 460 ἔνστασιν·
873 391 957 482 πρὸς
985 390 1030 481 ἣν
1057 396 1114 483 δη

102 501 189 584 τίον,
218 495 263 580 άς
291 495 332 567 οὐ
359 494 482 567 ταύτόν
509 500 600 566 ἐστιν
623 499 833 566 ἐπαινεῖσθαι
860 501 915 568 καλ
942 507 1114 589 μακαρίζε-

64 616 201 692 Οσθαι,
233 606 289 673 καὶ
321 610 359 682 εί
383 603 484 692 φύσει
520 601 557 672 τὸ
592 605 676 696 ζῷον
708 600 924 692 εὐδαιμονίας
956 603 1114 695 ὀρέγεται,
1143 648 1146 655 -

103 724 253 800 κρεῖττον
280 709 368 779 εἶναι
394 708 432 779 τὸ
451 706 523 779 κατ’
554 711 685 796 ἐκείνην
708 710 913 799 μακαριστὸν
939 713 1034 793 τέλος
1056 714 1137 782 τούι

103 814 176 886 κατ’
215 815 336 906 άρετην
373 818 550 885 ἐπαινετοῦ
588 815 876 905 [μαντευόμενον].
926 815 1045 905 ἥκιστα
1080 816 1116 887 δδ

104 931 196 1010 φιλεῖ
220 927 278 1010 της
305 919 522 1011 εὐδαιμονίας
539 917 560 1009 ἡ
579 921 755 1010 βεβαιότης
776 926 816 1012 τῇ
834 923 917 1012 τύχη
940 924 1115 994 πιστεύειν.

103 1031 159 1097 καὶ
186 1029 266 1110 τοὺς
294 1031 330 1097 ἐν
357 1034 506 1119 πολιτείᾳ
535 1030 669 1111 ζῶντας1
685 1025 749 1096 οὐκ
772 1035 901 1098 ἔνεστιν
928 1027 1011 1099 άνευ
1038 1030 1114 1099 ταύ-

105 1162 162 1222 της
194 1132 355 1203 ἀναπνεῖν
387 1132 425 1202 τὸ
458 1131 500 1221 δὴ
535 1131 716 1221 λεγόμενον
746 1164 766 1201 ιι
799 1164 820 1201 ιι
853 1164 873 1201 ιι
905 1164 926 1202 ιι
959 1165 980 1203 ιι
1014 1164 1035 1202 ιι
1067 1162 1088 1203 ιι

104 1241 160 1309 καὶ
196 1240 394 1328 πεποιήκασι
430 1241 485 1308 καὶ
524 1237 710 1329 στρατηγὸν
746 1238 856 1325 λόγοι,
893 1237 1049 1326 καθάπερ
1085 1240 1147 1306 οίιι

104 1345 164 1426 τάς
193 1348 283 1426 ἰδέας
310 1355 375 1414 εἴτε
403 1342 539 1433 άληθῶς
570 1347 780 1434 θεωροῦντες
811 1353 876 1413 είτε
903 1345 959 1412 καὶ
985 1342 1117 1425 ψευδῶς

106 1453 332 1538 ξυντιθέντες,
368 1454 406 1519 ἐν
441 1466 511 1532 τοῖς
549 1448 736 1540 ἀσωμάτοις
765 1451 822 1520 καὶ
858 1462 993 1538 νοητοῖς
1026 1448 1117 1539 ίδρύ-

106 1564 192 1625 σθαί
206 1583 273 1626 που
292 1560 360 1625 τῶν
377 1563 524 1643 τυχαίων
543 1554 698 1646 ὑπεράνω
718 1556 865 1643 πάντων,
883 1552 904 1643 ἢ
922 1554 984 1625 τὸν
999 1554 1117 1642 Διογέ-

105 1691 187 1744 νους
214 1666 344 1731 ἐκεῖνον

62 1798 86 1851 D
179 1784 328 1871 ’Ἀπολιν,
356 1782 489 1870 άοικον,
516 1791 676 1874 πατρίδος
704 1787 933 1874 ἐστερημένον,
1128 1812 1149 1853 ιι

108 1907 171 1978 οὐκ
203 1914 321 1996 ἔχοντα
353 1908 414 1997 μὲν
447 1913 494 1990 είς
526 1905 592 1995 ό,τι
624 1905 702 1997 παρ’
733 1905 836 1996 αὐτῆς
867 1901 906 1977 εὐ
938 1909 1035 1997 πάθη
1066 1909 1119 1979 καλ

108 2013 310 2085 τούναντίον
338 2017 375 2082 ἐν
392 2020 459 2082 τίνι
482 2017 606 2102 σφαλῇ·
629 2015 751 2082 τοῦτον
779 2013 816 2083 δὲ
839 2011 880 2082 ὃν
907 2009 929 2102 ἡ
957 2014 1121 2103 συνήθεια

108 2131 221 2190 καλεῖν
249 2130 351 2190 είωθε
377 2122 432 2188 καὶ
453 2118 600 2208 Ὅμηρος
625 2123 765 2208 πρῶτος,

184 2237 238 2312 Ὧι
266 2249 344 2313 λαοί
368 2241 397 2312 τ’
428 2243 684 2332 ἐπιτετράφαται
711 2244 767 2311 καὶ
794 2242 900 2312 τόσσα
927 2243 1083 2331 μέμηλεν,

108 2373 177 2450 πῶς
205 2367 248 2438 άν
274 2396 323 2450 τις
351 2370 412 2450 ἔξω
440 2367 541 2456 τύχης
568 2364 750 2454 άπαγαγοδν
777 2363 839 2454 την
864 2367 965 2436 θέσιν
982 2364 1153 2453 ’φνλάσ-ιι

55 2492 184 2558 εσῖσοα
213 2475 313 2543 πάλιν
341 2472 373 2543 δ’
404 2470 551 2543 ὁαύτὸν
579 2469 751 2553 ὑποτιθεὶς
773 2471 877 2561 ταύτη
904 2471 1010 2559 πόσης
1033 2467 1122 2563 αὐτῷ

110 2588 183 2649 δεῖν
211 2581 359 2668 οἰήσεται
389 2583 448 2668 τῆς
474 2582 685 2669 παρασκευῆς
717 2580 773 2647 καὶ
805 2577 1001 2668 φρονήσεως
1027 2582 1121 2666 πηλί-

109 2716 178 2774 κης,
208 2684 330 2777 (ὥστε)
358 2684 416 2767 τάς
443 2683 497 2772 ἐφ’
528 2686 663 2774 ἑκάτερα
692 2685 812 2773 ῥοπάς,
839 2683 993 2772 καθάπερ
1020 2682 1121 2753 πνεό-

109 2821 211 2880 ματος
252 2793 476 2881 κυβερνήτην,
517 2789 732 2880 εὐσχημόνως
772 2793 907 2880 edeam
950 2786 1013 2858 οὐκ
1054 2795 1123 2859 ἔστι

178 2983 193 3030 6
212 2973 364 3031 ἐπαινετοῦ
381 2978 416 3045 V]
436 2974 557 3030 ίπαινού
577 2978 581 3032 Ι
601 2970 817 3044 μαντευόμενον
835 2978 945 3029 videtur
963 2992 1124 3060 expunssen·

111 3049 174 3099 dum
193 3063 262 3105 esse,
283 3055 437 3112 corruptum
455 3053 527 3097 certe
547 3051 589 3096 est
658 3046 757 3098 evici.
775 3045 896 3096 Praefet.
978 3048 1011 3096 10
1029 3042 1122 3113 λογοι]

111 3107 183 3184 λόγῳ
206 3115 274 3165 Rsk.
305 3116 447 3178 „Faciunt
471 3112 529 3176 (illi
552 3113 725 3180 philosophi)
749 3114 943 3179 imperatorem
964 3129 1037 3165 mera
1062 3128 1122 3166 ora·

110 3188 190 3241 ιῖοκε,
209 3183 373 3244 verbotenus,
397 3198 450 3232 non
470 3184 516 3247 qui
534 3198 633 3247 reapse
653 3183 702 3244 sit,
730 3181 780 3232 sed
805 3180 994 3231 tantummodo
1011 3181 1043 3231 in
1059 3196 1123 3233 οοο·

109 3252 238 3316 ceptione
257 3250 387 3300 mentie.“
469 3252 500 3300 12
526 3244 712 3312 ξυντιθέντες
729 3245 766 3315 V]
787 3242 972 3309 συνελθόντες
1004 3248 1010 3311 Ι
1043 3240 1124 3315 ίδρό·

109 3318 225 3368 σοαιν
313 3315 577 3368 15Vid.ad195ss
666 3319 697 3367 ιι
717 3309 748 3368 ἐν
767 3312 847 3382 coe]
866 3306 915 3367 ῖπι
984 3316 1019 3367 ιο
1041 3314 1122 3369 τινα.

109 3385 139 3451 β,
160 3390 192 3437 25
262 3387 294 3436 20
318 3377 372 3450 τήν
389 3384 457 3434 Rek.
477 3391 504 3434 et
522 3383 560 3448 Η]
581 3376 646 3450 [μή]
734 3387 764 3434 21
791 3375 857 3435 δ’ὁ
877 3375 1123 3451 αὐτδνΒελτ.]δδ

109 3445 199 3504 αὐτόν
232 3451 238 3518 Ι
269 3445 425 3507 ὑποτιθείς
442 3450 512 3518 Pee]
531 3444 676 3518 ὑποτίθης
709 3450 713 3515 Ι
746 3443 823 3520 αὐτῷ
842 3446 921 3517 Coe]
941 3440 1021 3521 αὐτῷ
1090 3450 1124 3503 28

109 3520 160 3586 τῆς
179 3521 285 3572 deleam
354 3523 386 3571 23
405 3510 476 3572 όόττε
494 3520 555 3569 add.
574 3520 634 3569 Pet.
