2392 3960
512 156 648 208 οιιιυιο
669 157 698 208 v.
1047 159 1108 223 231

89 279 259 361 πωτάτας·
288 295 449 369 μαρτυρεῖ
466 282 503 350 δὲ
521 283 652 364 τούτοις
675 287 730 353 καὶ
748 281 788 352 τά
806 288 874 354 τῶν
891 288 984 354 θεῶν
1001 285 1109 372 λόγια,

93 389 183 475 φημὶ
212 387 263 471 δέ,
293 384 343 476 ότι
371 387 427 455 διά
454 392 513 476 τῆς
540 384 706 476 ἁγιστείας
733 387 794 479 οὐχ
826 387 846 479 ἡ
875 390 964 480 φυχῆ
992 392 1153 480 μόνον,Ι)

92 489 181 561 άλίόι
207 495 263 561 καὶ
290 491 330 561 τά
358 493 492 580 σώματα
520 502 680 584 βοηθείας
712 501 835 585 πολλῆς
862 497 918 567 καὶ
946 505 1110 587 σωτηρίας

93 597 262 680 άξιοῦται·
295 599 461 682 σώζεσθαι
488 601 552 690 γάρ
584 623 682 690 σφισι
707 604 764 673 καὶ
790 601 828 672 τὸ
857 607 1002 693 ,πικράς
1029 602 1111 692 ὕλης

59 712 283 794 τπερίβλημα
311 705 491 796 βρότειονιι
519 712 555 777 οί
578 710 654 777 θεοὶ
681 725 751 790 τοῖς
778 705 979 799 όπεράγνοις
1005 736 1109 799 παρα,

92 811 308 900 κελευόμενοι
330 816 398 900 τῶν
416 817 595 905 θεουργῶν
622 817 948 902 κατεπαγγέλλονται.

182 925 238 999 Τίς
265 910 328 987 οὖν
359 915 440 1007 ῆμίν
471 916 682 990 ὑπολείπεται
710 922 823 1008 λόγος,
856 919 963 1002 άλλως
990 949 1023 990 τε
1055 924 1111 991 καὶ

96 1027 134 1093 ἐν
172 1031 290 1112 βραχεῖ
323 1025 444 1108 νυκτὸς
485 1029 576 1115 μέρει
612 1031 717 1097 ταῦτα
759 1025 919 1097 άπνευστὶ
950 1030 1111 1117 -ξυνείραι

96 1142 387 1218 συγχωρηθεῐσιν,
429 1129 532 1202 οὐδὲν
573 1131 650 1202 οὕτε
694 1134 989 1225 προανεγνωκόσιν
1035 1131 1111 1203 οὔτε

47 1260 78 1299 ιο
96 1239 316 1324 σκευαμένοις
356 1241 431 1327 περὶ
472 1237 601 1327 αὐτῶν,
642 1237 713 1309 ἀλλ’
758 1238 839 1310 οὐδὲ
876 1242 1164 1331 προελομένοιςιιυ

95 1340 182 1433 ὑπὲρ
210 1344 339 1412 τούτων
367 1349 472 1414 εἰπεῖν
499 1347 580 1434 ’πρὶν
607 1342 627 1433 ῆ
660 1345 719 1428 τὰς
747 1350 883 1428 δέλτους
909 1346 1033 1428 ταύτας
1060 1352 1110 1440 αίς

94 1453 209 1536 τῆσαι;
237 1449 363 1539 μάρτυς
391 1447 466 1539 δέῆ
490 1453 570 1532 θεός
596 1480 653 1541 μοι
680 1455 742 1522 τοῦ
769 1453 881 1539 λόγου.
919 1450 1000 1538 ἀλλ’,
1028 1450 1111 1540 ὅπερ

95 1563 195 1643 ἔφην,
223 1563 258 1624 τί
280 1554 319 1624 τὸ
338 1557 535 1646 λειπόμενον
561 1554 643 1647 ῆμίν
660 1554 807 1647 ὑμνῆσαι
833 1557 896 1646 τῆν
922 1557 1007 1628 θεὸν
1030 1557 1111 1648 μετά

94 1666 156 1750 τῆς
181 1659 325 1750 Ἀθηνᾶς
342 1666 398 1731 καὶ
417 1667 479 1732 τοῦ
497 1664 684 1749 Διονύσου,
709 1657 758 1751 οἷν
782 1662 822 1754 δῆ
843 1667 899 1734 καὶ
918 1662 976 1746 τὰς
995 1662 1112 1754 ἑορτάς

52 1789 82 1830 1⁵
97 1772 136 1837 έν
162 1769 298 1850 ταύταις
326 1775 422 1838 ἔθετο
449 1786 523 1852 ταῖς
550 1766 729 1856 ἁγιστείαις
756 1767 774 1841 ό
803 1771 921 1860 νόμος;
954 1767 1023 1860 ὁρῶ
1051 1771 1112 1859 μὲν

96 1878 155 1962 τῆς
184 1872 329 1963 Ἀθηνᾶς
359 1874 443 1966 πρὸς
474 1874 535 1965 τῆν
566 1879 706 1967 Μητέρα
737 1880 807 1946 τάν
837 1881 930 1947 θεῶν
963 1875 1018 1947 διά
1054 1879 1113 1965 τῆς

96 1985 319 2070 προνοητικῆς
346 1985 383 2050 έν
402 1985 569 2071 ἑκατέραις
591 1999 663 2064 ταῖς
682 1980 812 2064 οὐσίαις
840 1979 1034 2071 ὁμοιότητος
1050 1982 1114 2068 τῆν

98 2090 309 2175 συγγένειαν,
337 2092 503 2158 ἐπισκοπῶ
533 2088 570 2158 δέ
587 2091 643 2159 καὶ
670 2088 730 2158 τὸν
748 2089 924 2159 Διονύσου
952 2086 1153 2178 μεριστῆυΒ

98 2201 334 2282 δημιουργίαν,
361 2191 405 2281 ῆν
433 2198 469 2265 ἐκ
496 2198 554 2283 τῆς
573 2198 752 2282 Ιεὐοειδοῦς
778 2197 834 2265 καὶ
862 2200 1006 2283 μονίμου
1032 2197 1114 2282 ζωῆς

56 2321 85 2360 2⁰
98 2304 161 2370 τοῦ
188 2301 334 2388 μεγάλου
353 2299 438 2382 Διὸς
466 2297 484 2372 ό
512 2303 614 2389 μέγας
632 2302 803 2382 Διόνυσος
834 2301 1113 2390 παραδεξάμενος,
1146 2373 1147 2377 ς

99 2405 156 2476 ἅτε
175 2409 231 2475 καὶ
249 2405 426 2496 προελθών
444 2410 477 2489 ἐξ
496 2411 638 2495 ἐκείνου,
657 2424 728 2490 τοῖς
754 2410 971 2497 φαινομένοις
989 2404 1113 2476 ἅπασιν

99 2514 343 2601 ἐγκατένειμεν,
375 2514 602 2604 ἐπιτροπεύων
629 2516 685 2585 καὶ
712 2514 901 2603 βασιλεύων
931 2516 990 2602 τῆς
1025 2540 1113 2602 μερι-

101 2623 180 2707 στῆς
208 2620 383 2708 συμπάσης
410 2626 638 2709 δημιουργίας.
688 2621 847 2709 προσῆκει
880 2619 918 2690 δὲ
945 2619 1011 2689 σὺν
1037 2619 1114 2688 τοό·

99 2754 170 2807 τοις
197 2721 344 2814 ὑμνῆσαι
371 2725 509 2796 καὶτὸν
534 2725 779 2816 Ἐπαφρόδιτον
803 2724 937 2815 Ἑρμῆν·
965 2734 1111 2796 καλεῖται

59 2852 87 2892 25
102 2831 166 2919 γάρ
195 2829 302 2913 οὕτως
319 2829 385 2903 ὑπὸ
405 2837 473 2902 τῶν
500 2837 637 2921 μυστῶν
660 2829 777 2915 όθεὸς
804 2825 912 2916 οὗτος,
941 2830 1015 2901 ὅσοι
1033 2840 1113 2919 λαμ·
1133 2845 1155 2902 Ο

100 2939 210 3020 πάδας
247 2941 352 3027 φασὶν
389 2937 548 3009 ἀνάπτειν
575 2938 701 3009 ’Ἁττιδι
733 2942 779 3032 τῷ
816 2942 921 3032 ooW.
970 2945 1020 3019 τίς
1052 2929 1116 3007 οὖν

176 3115 370 3204 4σιόζεσθαι
394 3117 449 3191 γάρ
472 3139 554 3190 σφισι
572 3121 608 3191 Η]
632 3120 671 3174 σιό
672 3123 751 3186 ζεται
769 3115 838 3190 γάρ,
864 3137 935 3188 φησι
1020 3124 1083 3172 4et
1100 3124 1116 3172 5

101 3186 258 3258 πικρᾶς-
276 3185 416 3258 βρότειον]
435 3193 475 3243 Ex
493 3197 576 3273 poeta
594 3192 690 3271 aliquo,
706 3192 777 3242 haee
799 3195 891 3244 sumta
909 3206 969 3240 esse
987 3189 1117 3240 videntur

104 3263 199 3318 ὁτοις
223 3276 275 3313 om
293 3266 347 3339 pet.
434 3263 450 3312 9
477 3251 567 3312 οὐδέν
588 3256 631 3338 ῌ]
656 3249 749 3311 σωθὲν
837 3261 868 3308 12
895 3250 968 3310 οἶίλά
990 3257 1015 3307 V
1085 3259 1117 3307 13

104 3316 1119 3473 3⁵522522032¹⁵fi3⁹52222m¹⁵⁰312⁸¹2³¹222fflsssssasswwss

104 3454 167 3514 ὅσοι
192 3463 289 3527 spanh.
313 3463 458 3515 ePetavii
480 3457 659 3528 conjectura]
682 3411 772 3522 ’όςηοί
793 3463 830 3523 V,
854 3477 885 3519 ος
909 3453 940 3510 οί
961 3469 1016 3524 pet
1085 3460 1119 3508 26

106 3527 208 3597 φασὶν]
228 3527 317 3596 φησὶν
334 3537 391 3596 pet.
