2392 3960
467 149 601 201 οαενιο
620 150 682 202 vn.
1015 151 1081 216 303

64 277 160 360 φίλοι
200 274 256 343 καί
297 278 449 367 σωτῆρες.
508 273 655 359 οἰκούσας
694 279 798 346 ταῦτα
840 275 858 348 ὁ
904 286 1081 362 νεανίσκος

64 379 207 468 διεχύθη
235 383 292 450 καὶ
320 384 421 470 δῆλος
443 374 486 471 ἦν
512 380 645 452 ἅπαντα
663 381 726 473 ἤδη
755 399 825 466 τοῖς
842 395 936 467 θεοίς
963 386 1078 456 πειθό-

63 513 189 575 μενος.Ι
215 483 300 557 Ἀλλ’
323 496 384 575 ίθι,
413 495 489 578 ἔφη,
516 490 664 580 πορεύου
687 489 768 579 μετὰ
786 488 919 580 ἀγαθῆς
937 495 1079 574 ἐλπίδος,

62 589 157 682 ἡμεῖς
192 594 257 681 γάρ
294 616 348 663 σοι
383 599 556 683 πανταχοῦ
591 597 805 686 συνεσόμεθα
845 599 911 686 ἐγώ
946 626 981 668 τε
1022 601 1078 668 καί

30 694 189 788 5Ἀθηνά
215 702 271 770 καί
295 697 416 792 Ἐρμῆς
442 699 500 771 όθε
518 704 574 772 καὶ
593 702 667 772 Ασὺν
695 699 775 792 ἡμῖν
794 708 829 773 οί
852 706 930 774 θεοὶ
957 706 1079 786 πάντες

62 809 100 875 οί
124 809 162 875 ἐν
186 803 340 901 Ὀλύμπῳ
373 809 429 878 καὶ
457 813 493 878 υί
521 811 596 900 περὶ
627 808 689 879 τὸν
717 807 798 901 ύέρα
829 813 886 880 καὶ
917 809 981 899 τὴν
1013 815 1078 899 γῆν

59 915 119 982 καὶ
146 915 214 982 πάν
240 918 413 1003 πανταχοῦ
440 914 477 984 τὸ
505 927 604 985 θεῖον
631 918 742 1004 γένος,
775 919 837 998 ἕως
866 913 947 1007 (biv)
974 918 1016 986 τά
1041 944 1077 986 τε
1178 963 1181 967 .

58 1017 145 1109 πρὸς
170 1016 258 1109 ἡμᾶς
286 1019 378 1102 ὅσιος
403 1012 443 1110 ᾖς
470 1020 584 1090 καὶτὰ
603 1022 685 1114 πρὸς
710 1022 791 1106 τούς
817 1031 940 1112 φίλους
962 1022 1077 1104 πιστὸς

57 1128 121 1194 καί
149 1126 191 1195 τά
225 1127 310 1218 πρὸς
345 1127 424 1209 τοῦς
459 1125 630 1217 ὑπηκόους
666 1130 922 1220 φιλάνθρωπος,
959 1129 1158 1221 άρχων234κ

10 1249 40 1288 1⁰
58 1230 177 1302 αὐτῶν
213 1235 268 1303 καί
300 1230 487 1323 ἡγούμενος
524 1237 577 1304 ἐπὶ
609 1233 650 1305 τά
682 1238 847 1323 βέλτιστα
881 1234 964 1306 άλλά
996 1236 1077 1325 μήτε

56 1355 134 1420 ταῖς
161 1344 306 1410 σεαυτοῦ
333 1341 413 1430 μήτε
432 1345 569 1411 ἐκείνων
591 1356 665 1424 ταῖς
692 1346 885 1433 ἐπιθυμίαις
904 1342 1078 1412 δουλεύων

56 1441 256 1536 ῦπεικάθης.
302 1453 387 1536 ἔχων
415 1440 479 1517 νῦν
505 1455 711 1539 πανοπλίαν,
738 1446 782 1538 ἣν
810 1449 966 1539 ἐκόμισας
992 1447 1077 1538 πρὸς

57 1549 162 1640 ίμᾶς,
190 1550 289 1622 ἄπιθι
316 1553 518 1644 προσλαβὼν
544 1555 670 1644 ταύτην
686 1557 759 1647 μὲν
790 1557 852 1647 τὴν
880 1550 967 1647 θᾷθα
993 1551 1074 1644 παρ’

59 1662 160 1747 ἐμοῦ,
187 1664 244 1728 ἵνα
277 1680 330 1730 σοι
361 1662 418 1730 καί
450 1664 487 1730 ἐν
519 1666 559 1751 τῇ
591 1666 634 1752 γῇ
662 1668 735 1752 φῦς
766 1663 877 1753 λάμπη
910 1665 993 1750 μέγα
1020 1662 1076 1730 καί

13 1776 44 1818 1⁵
59 1766 167 1854 μηδὲν
195 1769 358 1856 ἐπιποθης
389 1770 458 1836 νῦν
488 1772 581 1857 τῇδε,
614 1771 752 1858 ταυτησί
786 1770 823 1839 δὲ
847 1767 992 1858 Ἀθηνᾶς
1018 1769 1076 1855 τῆς

58 1876 162 1961 καλῆς
187 1873 227 1943 τό
253 1900 289 1942 τε
321 1874 521 1964 Γοργόνειον
552 1877 608 1943 καί
634 1876 672 1945 τὸ
700 1875 835 1967 κράνος·
868 1874 974 1944 πολλὰ
1001 1873 1075 1960 γάρ,

59 1977 151 2072 ὁρᾷς,
180 1983 271 2050 ἐστίν
299 1979 395 2071 αὐτῇ,
423 1982 479 2050 καὶ
507 1987 649 2051 δίδωσιν
677 1977 728 2065 οἷς
756 1979 799 2051 άν
828 1984 936 2070 ἐθέλη.
974 1979 1111 2050 θάσειΒ

59 2089 100 2156 θέ
131 2107 184 2156 σοι
215 2090 271 2157 καί
301 2084 420 2177 Ἑρμῆς
451 2093 581 2178 χρυσῆν
613 2090 750 2179 ῥαβδόν.
801 2095 901 2179 ἔρχου
939 2078 1003 2156 οῦν
1033 2089 1075 2173 τῇ

59 2199 229 2285 πανοπλίᾳ
255 2197 438 2283 κοσμηθεὶς
463 2195 568 2284 ταύτη
597 2194 653 2265 διὰ
686 2196 794 2284 πάσης
821 2195 882 2284 μὲν
909 2197 985 2283 γῆς,
1019 2190 1075 2261 θεά

15 2309 45 2348 ²⁰
58 2301 168 2388 πάσης
210 2301 247 2370 δὲ
287 2301 469 2390 θαλάττης,
511 2297 756 2392 άμετακινητεος
796 2315 866 2382 τοῖς
905 2296 1075 2388 ἡμετέροις
1139 2330 1143 2339 ·

57 2407 261 2496 πειθόμενος
287 2407 414 2496 νόμοις,
441 2409 497 2477 καὶ
525 2415 640 2497 μηθείς
668 2430 705 2478 σε
724 2409 804 2499 μήτε
832 2405 968 2496 ἀνδρῶν
996 2405 1075 2494 μήτε

58 2517 246 2602 γυναικῶν,
279 2514 359 2603 μήτε
385 2518 454 2583 τῶν
487 2519 621 2585 οίκείοον
653 2516 733 2606 μήτε
759 2519 828 2585 τῶν
861 2515 965 2601 ξένων
993 2509 1074 2580 άνα-

57 2627 157 2709 πείση
191 2623 338 2690 ἐντολῶν
365 2622 571 2692 ἐκλαθέσθαι
602 2626 671 2692 τῶν
702 2619 878 2712 ἡμετέρων.
925 2621 1075 2707 ἐμμένων

58 2726 124 2818 γάρ
152 2724 269 2809 αύταϊς
301 2723 383 2817 ἡμῖν
410 2728 471 2816 μὲν
503 2735 561 2818 έση
589 2735 687 2817 φίλος
714 2730 770 2799 καί
797 2735 918 2815 τίμιος,
946 2729 1075 2803 αίθοίος

15 2840 43 2882 ²⁵
60 2834 98 2902 δέ
125 2849 196 2916 τοῖς
224 2831 367 2922 ἀγαθοῖς
385 2831 480 2923 ἡμῶν
498 2832 686 2927 ὑπηρέταις,
715 2833 860 2924 φοβερὸς
884 2832 920 2901 δὲ
940 2829 1074 2919 ἀνθρά-

127 3112 142 3158 2
168 3104 332 3175 θιεχέθηλ1
417 3102 511 3168 Τέως
534 3146 557 3160 ..
579 3102 616 3160 τά
634 3109 720 3170 τεν,
740 3101 777 3166 ὡς
795 3098 831 3157 τά
848 3121 914 3157 τεν
1000 3105 1073 3152 8τα

56 3173 123 3241 περὶ
141 3169 211 3235 τούς
229 3193 259 3242 φ.
280 3181 336 3241 pet.
406 3181 422 3229 9
445 3169 603 3244 ὑπηκόους]
627 3179 743 3227 Lacuna
762 3179 805 3226 est
829 3176 858 3223 in
874 3179 931 3239 pet.
971 3234 981 3252 ρ
1002 3173 1033 3220 10
1047 3176 1075 3246 ελ

58 3247 89 3294 11
120 3236 193 3309 μήτε
224 3248 289 3305 ταῖς
320 3239 424 3297 ἑαυτοῦ
453 3246 491 3309 V,
522 3238 658 3311 μήτε
685 3249 753 3312 pet„
783 3239 855 3309 μήτε
885 3236 937 3307 μὲν
967 3253 1072 3290 τουτου

58 3313 172 3377 spanh.,
192 3327 244 3377 ego
263 3311 387 3365 σεαυτοῦ
405 3314 505 3395 scripsi
575 3316 606 3364 12
629 3329 688 3364 παν
694 3349 802 3363 .......
827 3310 887 3373 (ταὶ)
906 3306 1016 3385 παραλία
1033 3303 1073 3382 1η-

56 3385 115 3429 tere
136 3379 250 3430 videtur
272 3380 438 3432 πανοπλίαν
460 3375 511 3450 ἠν)
535 3373 671 3445 ἐκόμισας
688 3382 728 3444 V,
751 3376 928 3438 πανοπλίαν,
951 3391 989 3439 ην
1011 3364 1074 3422 ἐκο-

57 3461 123 3513 μισε
141 3452 197 3512 pet.
234 3450 307 3500 Ante
324 3447 491 3502 πανοπλίαν
510 3450 638 3500 desidero
656 3448 801 3498 articulum
872 3447 905 3495 15
922 3435 1016 3517 μηδὲν
1034 3434 1072 3502 Η]

10 3560 12 3569 .
58 3510 157 3583 μηθὲν
181 3515 185 3580 Ι
213 3515 333 3584 ταυτησί
353 3514 433 3584 Cob.]
453 3511 559 3583 ταύτης
628 3520 661 3570 23
680 3508 815 3581 ἐντολῶν]
834 3511 890 3564 τῶν
908 3503 1028 3562 ἐντολων
1047 3506 1075 3556 Η
