2370 3908
470 177 608 232 οτιιτιο
625 180 675 230 111.
1017 180 1078 244 133

61 304 218 393 ιόρμησεν
245 300 408 394 ὁρῶντας,
437 303 487 374 ὅτι
515 305 600 394 μηδὲ
626 311 696 376 τῶν
722 308 963 396 προλαβόντων
989 309 1078 392 τινὲς

60 407 339 501 ἀπεστερήθησαν
370 409 389 482 ὃ
421 412 529 500 μόνον
561 404 688 482 δόῦναί
710 442 745 483 τε
776 416 832 483 καί
864 422 981 502 λαβεῖν
1008 419 1078 486 ἐστι

61 524 209 609 δημοσίᾳ
240 518 354 588 καλόν.
399 519 550 609 χρήματα
581 519 643 608 μὲν
680 518 744 611 γάρ
778 527 825 603 είς
856 521 893 591 τὸ
932 523 1111 611 έμφανὲςΙ)

62 625 197 695 διδόναι
228 627 285 694 καὶ
317 628 543 716 περιβλέπειν,
575 625 665 709 ὅπως
697 625 748 697 ὅτι
775 637 923 698 πλεῖστοι
949 628 986 698 τὸ
1020 635 1077 700 δο-

34 732 127 801 ιθέν
153 742 317 818 εἴσονται,
348 731 433 820 πρὸς
460 730 586 821 ἀνδρὸς
617 731 855 824 άπειροκάλου·
892 732 966 804 ἀλλ’
996 733 1079 806 οὐδὲ

62 834 224 927 ὑποσχεῖν
251 836 297 908 τῶ
324 854 413 929 χεῖρε
443 835 657 921 ὑποδέξαιτο
670 839 714 909 ἄν
746 871 795 922 τις
822 844 860 910 έν
887 838 1079 930 ὀφθαλμοῖς

13 964 20 1027 '=.
61 944 214 1033 πάντων,
254 944 299 1035 μη
340 945 553 1016 παντάπασιν
594 944 854 1036 ἀποσεισάμενος
894 952 980 1016 αἰδῶ
1021 951 1078 1018 καὶ

18 1064 22 1077 “
61 1054 242 1121 ἐπιείκειαν
277 1056 340 1120 τοῦ
370 1052 507 1140 τρόπου.
554 1050 761 1143 Ἀρκεσίλαος
794 1054 830 1125 δὲ
867 1055 922 1123 καὶ
960 1054 1079 1137 διδοὺς

61 1157 123 1228 τὸν
149 1158 297 1247 λαβόντα
324 1161 476 1248 ἐπειρᾶτο
509 1169 642 1229 λαθεῖν·
680 1169 789 1230 συνίει
818 1161 855 1230 δὲ
883 1164 1009 1243 ἐκεῖνος
1036 1165 1132 1233 έκ104

24 1294 48 1333 ιο
61 1269 120 1353 τῆς
155 1265 305 1355 πράξεως
340 1293 400 1335 τον
437 1267 617 1355 δράσαντα.
673 1271 820 1336 ἐπαίνων
858 1268 895 1338 δὲ
933 1266 1078 1356 ζηλωτόν

61 1371 123 1459 μὲν
150 1369 314 1461 άκροατάς
341 1368 386 1454 ῶς
412 1381 588 1454 πλείστους
615 1369 737 1463 εὑρεῖν,
765 1371 937 1463 ἀγαπητὸν
962 1375 1000 1443 δὲ
1028 1373 1077 1444 οἷ-

62 1506 120 1566 μαι
148 1480 204 1547 καὶ
236 1476 382 1565 ὀλίγους.
427 1482 483 1548 καὶ
511 1481 625 1569 ἐπῄνει
652 1480 691 1549 δὲ
717 1482 901 1570 Σωκράτης
932 1480 1077 1562 πολλοὺς

62 1587 117 1653 καί
158 1585 303 1655 Πλάτων
344 1588 399 1655 καὶ
438 1584 681 1675 Ἀριστοτέλης
735 1590 901 1675 Ξενοφῶν
941 1587 978 1656 δὲ
1020 1590 1077 1656 καὶ

60 1688 258 1779 Ἀγησίλαον
285 1691 345 1761 τὸν
362 1695 501 1780 βασιλέα
528 1695 584 1763 καὶ
603 1697 721 1783 Κῦρον
746 1692 808 1763 τὸν
826 1696 973 1784 Πέρσην,
1002 1692 1078 1763 οὔτι

26 1795 123 1866 ιιτόν
154 1795 296 1888 ιἰρχαῖον
330 1801 460 1869 ἐκεῖνον
487 1801 610 1887 μόνον,
643 1797 726 1869 άλλὰ
753 1803 810 1869 καὶ
838 1792 865 1892 ᾧ
894 1799 1076 1890 συνεστρά-

61 1931 157 1975 τευτο
191 1903 265 1993 [ἐφ’
292 1901 465 1994 Ἑλλάδα],
497 1909 552 1974 καὶ
579 1905 659 1986 τοὺς
686 1908 845 1988 ἐπαίνους
872 1907 1077 1996 ξυγγράφων

62 2008 127 2081 οὐκ
158 2009 390 2101 ἀπεκρύπτετο.
435 2014 508 2100 ἐμοὶ
542 2013 579 2080 δὲ
615 2011 816 2099 θαυμαστὸν
848 2012 935 2082 εἶναι
973 2017 1113 2100 δοκεῖ,Β

63 2124 95 2186 εί
118 2117 199 2200 τοὺς
230 2115 358 2209 ἄνδρας
389 2118 450 2207 μὲν
476 2116 556 2200 τοὺς
582 2116 706 2215 καλοὺς
736 2119 921 2208 προθύμως
948 2121 1077 2189 ἐπαινε-

62 2224 205 2311 σόμεθα,
231 2240 377 2311 γυναῖκα
395 2225 433 2294 δὲ
451 2223 587 2313 ἀγαθὴν
614 2227 672 2312 τῆς
695 2222 862 2313 εὐφημίας
889 2223 952 2295 οὐκ
980 2223 1076 2308 άξιῶ-

24 2352 178 2420 ιοσομεν,
205 2329 323 2422 άρετης
351 2329 452 2401 οὐδὲν
471 2347 567 2420 μεῖον
594 2329 712 2412 αι’ταῖς
733 2330 818 2421 ἥπερ
844 2348 914 2413 τοῖς
933 2330 1077 2421 ἀνδράσι

62 2438 243 2527 προσήκειν
271 2434 573 2527 ὑπολαμβάνοντες.
619 2440 674 2507 καὶ
703 2437 767 2527 γάρ
795 2437 888 2528 οἶμαι
915 2438 1078 2529 σαόφρονα

61 2546 119 2613 καὶ
151 2543 293 2633 συνετὴν
324 2547 380 2637 καὶ
406 2547 521 2635 νέμειν
548 2545 673 2636 ἑκάστῳ
700 2544 741 2614 τὰ
773 2543 855 2636 πρὸς
886 2545 948 2635 τὴν
980 2543 1077 2628 άξίαν

62 2652 119 2721 καὶ
146 2653 340 2742 θαρραλέαν
368 2655 405 2722 έν
432 2667 504 2734 τοῖς
531 2659 655 2734 δεινοῖς
681 2654 736 2722 καὶ
765 2653 1002 2744 μεγαλόφρονα
1021 2654 1078 2721 καὶ

62 2760 258 2847 ἐλευθέριον
284 2760 341 2828 καὶ
368 2759 477 2829 πάντα
506 2755 551 2841 ῶς
578 2766 656 2841 ἔπος
683 2765 788 2829 εἰπεῖν
815 2756 977 2849 ὑπάρχειν
996 2761 1076 2827 ἐκεί-

150 2962 162 3008 l
190 2955 395 3025 προλαβόντων
417 2958 493 3028 VM]
520 2956 747 3026 παραλαβόντων
833 2963 848 3009 6
876 2952 1011 3026 ὑποσχών
1029 2959 1076 3023 V}

61 3019 235 3090 ὑποδέξαιτ’
257 3020 296 3079 ἄν
318 3045 360 3087 τις
384 3027 465 3094 Cob.]
489 3020 651 3091 ὑπεδέξατο
673 3023 711 3079 ἄν
734 3045 775 3087 τις
849 3035 866 3080 8
887 3026 936 3079 καὶ
960 3023 1077 3092 διδοὺς]

61 3087 165 3153 διδοὺς
184 3092 234 3146 καὶ
252 3097 287 3153 H,
306 3095 380 3161 quod
395 3096 455 3159 jam
478 3097 616 3162 interpres
635 3097 782 3161 expressit.
818 3097 862 3145 De
881 3114 910 3146 rs
927 3096 983 3146 vid.
1001 3098 1079 3159 Wyt·

60 3163 138 3214 tenb.
157 3162 194 3212 εδ
212 3163 286 3213 Plut.
304 3179 370 3214 mor.
389 3180 414 3228 p.
425 3163 497 3214 63])
567 3166 598 3213 12
617 3157 651 3214 δέ
670 3166 766 3228 (supra
784 3162 802 3213 δ
820 3164 874 3212 scri
896 3170 924 3213 to
942 3163 969 3229 η)
988 3159 1024 3228 V]
1045 3179 1077 3228 ηε

61 3232 96 3281 14
112 3221 179 3281 οότι
196 3227 232 3295 V]
262 3225 328 3297 οόχῖ
419 3235 449 3281 15
476 3223 703 3294 συνεστράτευτο
720 3231 746 3279 fl.
767 3236 796 3280 et
814 3179 894 3294 Cobfi
924 3243 1078 3292 συνεστρα-

60 3289 162 3351 idm
221 3301 252 3348 16
270 3291 321 3363 ἔφ’
336 3289 462 3350 Ἐλλάδα
481 3299 596 3348 inclusit
612 3298 653 3361 Η,
677 3290 725 3348 ἐπὶ
743 3293 863 3362 βασιλέα
880 3300 992 3363 scripsit
1009 3297 1077 3348 Cob.

62 3367 96 3419 18
113 3358 169 3431 μέν
187 3360 226 3431 H]
236 3382 278 3442 ‚ys
297 3366 303 3431 Ι
329 3383 360 3419 τε
379 3355 530 3446 κάηταθοὺς
548 3372 612 3431 post
630 3361 738 3444 καλοὺς
757 3366 838 3417 addis
857 3365 923 3444 Οοβ.
951 3367 1009 3443 π20
1027 3356 1078 3415 αὑ-

61 3436 115 3486 ταῖ
144 3433 172 3483 Η
205 3437 309 3494 αυτοῖς
325 3435 364 3496 V,
386 3433 495 3498 αττῇτ
563 3436 595 3483 21
615 3431 666 3485 καὶ
702 3429 751 3498 ας]
772 3434 869 3482 Malim
888 3451 904 3498 η
924 3450 979 3498 γαρ
1005 3431 1009 3497 Ι
1036 3427 1078 3483 οἷ·

61 3517 114 3565 μαι
156 3516 233 3552 εκαι
259 3502 287 3550 H
371 3504 405 3551 22
430 3497 480 3553 καὶ
507 3495 619 3568 νέμειν]
647 3451 700 3552 καὺ
725 3500 793 3552 οῖακ
819 3494 919 3564 νέμειν
944 3501 972 3550 Η
1045 3502 1078 3550 24

62 3560 110 3621 έκι
124 3585 160 3637 τη
177 3568 239 3622 Pet.
257 3570 286 3618 in
303 3569 345 3620 sd.
363 3570 390 3624 fl.
410 3575 439 3619 et
457 3567 523 3623 Cob,
