2392 3960
502 160 636 212 οιιΑυιο
655 162 703 213 νε.
1040 161 1101 225 ‘251
1185 189 1188 195 ·

83 285 150 374 τὴν
181 285 289 374 φύσιν
320 283 410 367 ὅπως
441 287 616 375 βιάσησθε.
661 289 716 357 καί
750 286 791 377 δὴ
824 291 923 358 τούτο
956 288 1017 376 μὲν
1049 291 1102 358 ἐπὶ

83 395 252 462 τοσούτου
279 389 415 482 ἀπόχρη.

171 503 237 586 Τῆς
254 501 405 587 Κυνικῆς
432 497 469 568 δέ
488 506 692 588 φιλοσοφίας
719 499 844 582 σκοπὸς
870 503 931 589 μέν
959 502 1102 571 ἐστικαὶ
1122 518 1147 572 D

83 607 189 691 τέλος,
218 602 328 694 ὥσπερ
357 602 399 692 δὴ
427 607 483 674 καὶ
509 606 617 693 πάσης
636 614 851 694 φιλοσοφίας,
878 605 915 676 τὸ
944 605 1102 696 εὐδαιμο-

56 726 171 799 ινεῖν,
198 709 294 780 τὸδὲ
322 709 535 800 εὐδαιμονεῖν
562 714 599 780 έν
617 715 664 804 τῷ
689 716 747 800 ζῆν
765 712 849 782 κατὰ
876 712 993 801 φύσιν,
1021 711 1104 784 ἀλλὰ

85 816 130 906 μὴ
158 815 245 908 πρὸς
270 816 329 899 τδις
354 821 423 886 τῶν
450 821 583 887 πολλῶν
611 819 718 900 δόξας.
765 820 834 889 ἐπεὶ
861 820 1010 901 καὶτοῖς
1037 847 1102 907 φυ-

83 939 157 1006 τοῖς
194 915 233 992 εὐ
268 925 423 1013 πράττειν
459 930 637 1013 συμβαίνει
673 926 729 994 καὶ
766 927 880 1013 μέντοι
916 926 973 995 καὶ
1009 925 1104 1017 ζῴοις

84 1033 204 1116 πᾶσιν,
234 1027 315 1099 ὅταν
346 1034 409 1099 τοῦ
435 1029 519 1100 κατδι
551 1030 658 1118 φύσιν
685 1034 826 1100 ἕκαστον
854 1029 1103 1120 ἀνεμποδίστως

84 1135 235 1225 τυγχάνῃ
262 1139 389 1218 τέλους·
418 1133 502 1206 ἀλλὰ
528 1138 584 1205 καὶ
604 1138 641 1206 έν
668 1152 738 1219 τοῖς
765 1148 860 1219 θεοῖς
886 1138 986 1209 τοῦτό
1013 1140 1104 1207 ἐστιν

49 1267 73 1308 ιο
86 1241 304 1330 εὐδαιμονίας
331 1240 424 1332 ὅρος,
455 1241 493 1311 τὸ
523 1248 610 1330 ἔχειν
638 1241 762 1325 αὐτούς
795 1242 905 1334 ὥσπερ
933 1244 1103 1333 πεφύκασι

85 1351 141 1418 καὶ
170 1351 301 1419 ἑαυτῶν
333 1348 428 1418 εἶναι.
475 1346 602 1418 οὐκοῦν
633 1352 689 1418 καὶ
716 1365 786 1432 τοῖς
812 1348 1007 1439 ἀνθρώποις
1035 1348 1156 1439 οὐχ194

86 1458 231 1545 ἑτέρωθί
254 1481 321 1524 πον
339 1453 401 1542 τὴν
428 1451 650 1545 εὐδαιμονίαν
673 1454 972 1546 ἀποκεκρυμμένην
1000 1479 1102 1547 προσ-

36 1592 39 1599 ’
85 1563 157 1649 ήκει
198 1570 507 1652 πολυπραγμονεῖν·
549 1559 629 1631 οὐδὲ
669 1560 766 1645 ἀετὸς
812 1561 893 1633 οὐδὲ
938 1564 1104 1643 πλάτανος

88 1665 169 1738 οὐδὲ
206 1666 286 1739 ἀλλο
322 1695 354 1736 τι
390 1670 459 1738 τῶν
500 1665 609 1737 ὅντων
651 1669 743 1762 ζῴων
779 1666 800 1758 ἢ
837 1673 956 1759 φυτῶν
996 1673 1104 1759 χρυσοῖ

55 1798 75 1838 15
87 1773 330 1865 περιεργάζεται
357 1773 459 1863 πτερὰ
487 1776 544 1843 καὶ·
561 1775 683 1862 φύλλα,
711 1773 792 1845 οὐδὲ
816 1774 906 1858 ὅπως
934 1773 1104 1867 ἀργυροῦς

86 1883 150 1963 ἕξει
178 1880 258 1962 τοὺς
285 1879 450 1968 βλαστούς
476 1876 497 1969 ἢ
525 1878 566 1949 τά
584 1884 734 1972 πλῆκτρα
751 1883 808 1951 καὶ
826 1884 946 1972 κέντρα
971 1885 1103 1971 σιδηρᾶ,

86 1991 216 2075 μᾶλλον
247 1986 285 2055 δὲ
317 1983 542 2075 ἀδαμάυτινα,
576 1983 647 2056 ἀλλ’
686 1981 737 2068 οἷς
768 1985 853 2056 αὐτὰ
887 1990 919 2069 έξ
952 1985 1055 2077 ἀρχῆς
1082 1984 1103 2074 ἡ

36 2156 38 2167 .
86 2094 191 2182 φύσις
217 2092 393 2182 ἐκόσμησε,
425 2096 530 2162 ταῦτα
559 2099 589 2161 εί
616 2095 770 2182 ῥωμαλέα
803 2095 859 2163 καὶ
891 2095 975 2184 πρὸς
1005 2093 1104 2181 τάχος
1181 2148 1184 2153 .

87 2197 204 2280 αὐτοῖς
230 2196 251 2287 ἢ
278 2198 363 2287 πρὸς
390 2196 494 2289 ἀλκὴν
520 2195 758 2289 ὐπουργούντα
785 2201 1015 2289 προσγένοιτο,
1043 2199 1145 2288 μοί-Β

49 2327 74 2371 υ
87 2317 183 2376 λιστα
211 2302 254 2374 ἀν
281 2297 320 2374 εὐ
347 2305 503 2394 πράττειν
520 2313 650 2394 νομίζοι
670 2307 733 2375 ..καὶ
760 2303 993 2394 εὐθηνεῖσθαι.
1033 2308 1105 2387 πῶς

87 2405 154 2483 οὐν
181 2409 224 2481 οὐ
251 2420 399 2499 γελοῖον,
432 2422 465 2481 εί
488 2439 538 2494 τις
565 2410 746 2502 ἄνθρωπος
772 2410 921 2500 γεγονὼς
948 2413 1010 2493 ἔξω
1037 2436 1104 2480 που

85 2517 151 2608 τὴν
182 2516 403 2606 εὐδαιμονίαν
434 2519 703 2609 περιεργάσαιτο,
739 2522 887 2589 πλούτου
918 2520 974 2588 καὶ
1006 2519 1105 2606 γένος

85 2627 145 2696 καί
172 2631 283 2712 φίλων
302 2623 449 2713 δύναμιν
466 2627 523 2695 καὶ
549 2625 659 2694 πάντα
682 2621 794 2708 διπλοῖς
820 2624 860 2694 τά
887 2628 1025 2695 τοιαῦτα
1043 2626 1105 2694 τού

86 2728 215 2811 παντὸς
231 2792 233 2796 .
251 2729 326 2812 ἀξια
362 2738 522 2820 νομίζωνς
563 2737 595 2801 εί
630 2730 692 2821 μὲν
728 2723 791 2802 οὐν
827 2727 908 2821 ἡμῖν
944 2727 964 2820 ἡ
1003 2731 1106 2819 φύσις

44 2865 72 2907 π
88 2836 202 2928 ὥσπερ
232 2852 303 2919 τοῖς
335 2837 429 2930 ζῴοις
466 2835 561 2907 αὐτὸὶ
585 2841 685 2908 τούτο
723 2835 871 2908 ἀπέδωκε
907 2839 1030 2927 μόνον,
1066 2835 1104 2906 τδ

87 2945 226 3033 σώματα
244 2945 299 3012 καὶ
318 2942 426 3032 ψυχὰς
454 2944 570 3035 (ἔχειν)
599 2947 738 3026 ἐκείνοις
761 2951 1002 3033 παραπλησίας,
1022 2940 1106 3012 ὥστε

88 3051 196 3139 μηδὲν
228 3052 331 3120 πλέον
362 3059 670 3141 πολυπραγμονεῖν,
702 3049 797 3141 ἤρκει
828 3051 962 3138 λοιπόν,
995 3046 1106 3140 ὥσπερ
1125 3061 1157 3117 0.

87 3157 129 3225 τὰ
157 3155 257 3226 λοιπδι
286 3159 361 3249 ζῷα,
388 3170 459 3238 τοῖς
486 3172 684 3245 σωματικοῖς
703 3155 881 3248 ἀρκεῖσθαι
907 3156 1105 3245 πλεονεκτή-

176 3330 192 3378 9
219 3319 296 3378 ἔστιν
316 3324 354 3393 Η]
383 3320 442 3378 ἔστι
528 3329 562 3378 22
588 3321 809 3394 περιεργάσαιτο
827 3326 864 3395 Η]
891 3318 1107 3445 περιεργάσοιτο

90 3399 124 3448 25
147 3388 179 3447 τὸ
202 3393 365 3461 Horkelius]
390 3389 426 3446 τοὶ
512 3397 545 3447 26
564 3389 594 3461 ἔγ
598 3411 641 3447 ειν
660 3395 722 3446 add.
742 3397 815 3446 idem
899 3397 932 3445 27
956 3388 1030 3474 μηδὲ
1033 3408 1050 3442 ν
1068 3391 1106 3468 Η]

89 3459 249 3530 μηδὲν
278 3465 310 3514 28
332 3412 594 3528 πλεονεκτήμασινκ
601 3463 668 3514 Rsk
693 3469 721 3515 οῖ
742 3460 902 3528 Horkelius]
926 3455 1015 3512 πλέον
1039 3450 1108 3526 umi-

134 3546 180 3576 Μ
