2392 3960
107 141 170 205 286
413 143 556 195 ιοειλαι
574 143 824 195 ιννειιενοιειε

27 334 30 341 ,
107 267 261 360 θρωπικὴ
298 268 359 358 μὲν
395 265 416 357 ἡ
455 269 563 360 σπορὰ
600 267 657 339 διά
693 272 761 338 τῶν
796 276 1000 360 κεραννίων,
1034 267 1055 358 ἡ
1091 269 1123 341 δ’

76 450 79 455 ,
108 374 294 464 ἀποκύησις
313 372 608 465 ἀνθρωπικωτέρα,
636 373 765 464 ἀμφοῖν
784 375 822 445 δέ
839 390 913 445 τοῖν
932 377 1128 468 είρημένοιν

107 481 370 571 προσομοιύτερα
397 496 467 564 τοῖς
495 479 725 573 ἀνθρωπίνοις
751 480 791 550 τά
811 488 906 572 έργα;
934 490 970 557 ,τί
990 476 1067 553 οὖν,
1084 481 1127 554 ού

107 588 367 675 καταβάλλοντες
394 587 454 657 τὸν
485 591 591 679 λῆρον
622 591 729 658 ἐκεῖνο
761 591 898 677 πρῶτον
930 584 1014 681 ὑπὲρ
1047 591 1126 660 τού-

108 693 176 762 των
204 705 313 782 ἴσμεν,
347 690 392 775 ῶς
418 696 546 783 Σεμέλη
575 693 664 784 σοφὴ
696 694 736 763 τά
763 704 857 779 θείας
884 711 961 778 παῖς
988 695 1053 787 γάρ
1082 688 1152 786 ἧνσ

110 800 250 888 Κάδμον
276 803 338 869 τού
359 807 529 888 Φοίνικος,
555 802 686 883 τούτοις
714 801 752 870 δέ
769 803 826 870 καὶ
846 796 864 871 ὁ
886 800 969 884 θεὸς
996 810 1126 892 σοφίαν

107 921 270 998 μαρτυρεῖ

188 1029 321 1112 Πολλὰς
347 1030 404 1098 καὶ
433 1036 588 1112 Φοίνικες
615 1028 716 1112 ὁδούς
743 1031 903 1122 μακάρων
931 1032 1081 1121 ἐδάησαν

53 1155 229 1241 ννῙλέγων.
275 1156 458 1224 αἰσθέσθαι
486 1182 549 1223 ονν
582 1181 638 1242 μοι
670 1159 764 1224 δοκεῖ
793 1159 854 1225 τού
885 1158 973 1225 θεοῦ
999 1157 1126 1228 τούτου

68 1291 71 1295 ·
105 1259 219 1388 πρῶτη
252 1257 332 1350 παρ’
363 1257 498 1349 Ἕλλησι
534 1261 590 1330 καὶ
626 1287 688 1349 την
724 1263 888 1390 ἐσομένην
924 1263 1126 1350 ἐπιφάνειαν
1141 1294 1167 1333 ιο

107 1364 213 1435 αὐτοῦ
247 1364 310 1436 ούκ
341 1367 389 1447 είς
421 1365 554 1457 μακρὰν
584 1367 863 1495 προαγορεύσασα
895 1389 1031 1458 κινησαι
1064 1371 1127 1459 μὲν

105 1476 243 1560 θάττον,
272 1502 292 1561 η
310 1492 481 1561 προσηκον
503 1465 558 1561 ἦν,
585 1471 747 1542 τινὰτῶν
769 1472 904 1563 περὶ’
864 1473 968 1545 αυτὸν
987 1473 1127 1566 ὀργίων,

107 1577 170 1648 οὐκ
202 1576 411 1667 ἀνασχομένη
444 1577 505 1648 τὸν
537 1581 737 1669 εἱμαρμένον
769 1593 956 1671 περιμεῖναι
987 1583 1126 1673 χρόνον,

39 1763 42 1768 ,
107 1683 177 1754 εἶτα
210 1682 428 1773 ἀναλωθῆναι
459 1683 542 1776 πρὸς
572 1689 634 1754 τού
666 1685 772 1776 πυρὸς
804 1690 867 1756 τού
900 1687 1039 1776 ῥυέντος
1070 1687 1122 1760 ἐπ’

107 1785 220 1879 αὐτήν.
272 1794 342 1860 ἐπεὶ
370 1791 407 1860 δὲ
440 1794 594 1861 ἐδέδοκτο
627 1795 673 1884 τῶ
706 1795 767 1861 Διὶ
794 1796 903 1884 κοινῇ,
927 1797 1030 1863 πᾶσιν
1064 1793 1124 1866 άν-
1139 1824 1165 1866 ιι

105 1897 257 1988 θρώποις
293 1901 454 1967 ένδούναι
494 1895 601 1988 ἀρχὴν
642 1898 873 1982 καταστάσεως
914 1902 1025 1991 ἑτέρας
1068 1905 1127 1973 καὶ

106 2004 323 2092 μεταβάλλειν
351 2001 475 2085 αύτούς
503 2007 539 2073 έκ
557 2007 619 2074 τοῦ
646 2009 835 2093 νομαδικοῦ
853 2013 932 2094 βίου
960 2005 1044 2098 πρὸς
1063 2007 1127 2079 τὸν

69 2106 327 2201 Βὴμερῶτερον,
355 2113 388 2192 ἐξ
414 2107 532 2181 Ἰνδῶν
551 2106 568 2179 ὁ
588 2109 759 2192 Διόνυσος
783 2110 947 2195 αύτοπτος
960 2116 1125 2201 ἐφαίνετο

106 2223 251 2305 δαίμων,
288 2218 470 2304 ἐπιφοιτῶν
501 2215 560 2298 τάς
591 2216 769 2304 πόλεις,’
756 2216 848 2305 άγων
883 2216 961 2308 μεθ’
997 2221 1125 2292 ἑαυτοῦ

106 2321 263 2413 στρατιάν
291 2322 418 2412 πολλὴν
447 2327 631 2410 δαιμονίων
657 2321 734 2392 τινά
761 2326 818 2394 καὶ
841 2324 958 2407 διδούς
986 2323 1124 2418 άνθρῶ-
1139 2358 1165 2399 εο

52 2519 55 2526 Ι
105 2455 179 2510 ποις
207 2433 304 2518 κοινῇ
331 2426 433 2517 μὲν“
411 2449 515 2498 απασι
534 2429 762 2559 σύμβολον”
722 2458 780 2519 της
800 2431 1056 2521 ἑπιφανείας’
1013 2440 1125 2504 αντοῦ

105 2535 142 2603 τὸ
171 2564 228 2622 της
255 2531 411 2625 ημερίδος
440 2536 565 2624 φυτόν,
593 2532 654 2624 ἀφ’
686 2528 729 2605 ού
756 2565 812 2626 μοι
841 2542 1019 2626 δοκοῦσιν,
1049 2542 1123 2630 ἐξη-

106 2643 328 2730 μερωθέντων
357 2639 471 2723 αὐτοῖς
497 2645 565 2710 τῶν
592 2644 667 2731 περὶ
685 2642 746 2711 τὸν
774 2650 867 2731 βίον,
881 2642 1039 2732 Ἕλληνες
1063 2651 1124 2736 τῆς

107 2751 295 2835 ἐπωνυμίας
328 2745 408 2816 αύτὸ
441 2748 563 2836 ταύτης
596 2746 749 2836 ἀξιῶσαι,
787 2753 911 2840 μητέρα
945 2748 977 2818 δ’
1013 2750 1122 2824 αύτοῦ

105 2870 297 2942 προσειπεῖν
328 2853 390 2942 τὴν
417 2856 568 2941 Σεμέλην
600 2853 656 2954 διά
688 2854 749 2944 τὴν
776 2857 976 2947 πρόρρησιν,
1010 2857 1120 2943 άλλως
1132 2886 1157 2929 νο

70 2977 139 3031 Οτε
166 2961 221 3028 καί
248 2964 310 3029 τού
336 2965 422 3030 θεοῦ
449 2964 611 3047 τιμῶντος
639 2958 754 3051 αὐτήν,
783 2961 839 3032 άτε
866 2963 1012 3053 πρῶτηνΙ
1032 2967 1119 3056 ίερό-

106 3094 229 3153 φαντιν
260 3070 318 3154 τῆς
350 3073 396 3135 έτι
425 3061 609 3155 μελλούσης
639 3069 886 3158 έπιφοιτήσεως.
932 3067 1037 3159 ούσης
1070 3075 1120 3162 δέ,

105 3170 149 3253 ῶς
178 3171 220 3241 άν
248 3200 296 3254 τις
329 3172 474 3262 ἀκριβῶς
507 3176 641 3243 σκοπῶν
674 3175 847 3265 ἐξετάσειε,
880 3181 937 3266 τῆς
970 3181 1120 3269 ἱστορίας

189 3383 221 3431 17
239 3381 332 3430 Malim
353 3380 526 3446 μεταβαλεῖν
608 3374 673 3432 18
657 3376 843 3448 ημερῶτατον
861 3392 917 3448 pet.
1000 3386 1033 3435 20
1052 3401 1119 3437 τινα

104 3456 152 3497 aut
170 3453 233 3513 post
247 3442 367 3568 πολλὴν
380 3455 555 3533 transponam
575 3454 623 3499 aut
641 3449 727 3501 τινῶν
746 3453 865 3503 scribam
951 3454 984 3502 24
1000 3445 1038 3502 .’δ
1064 3445 1118 3506 αὖ·

104 3513 153 3566 τού
173 3512 259 3581 Ἡδὲ
280 3507 370 3567 αύτου
447 3520 480 3568 26
504 3511 671 3582 ἷεροφάντιν
690 3518 714 3568 V
731 3525 785 3585 pet
863 3520 895 3570 28
913 3511 1058 3584 ἐξετάσειε
1075 3519 1117 3588 Η]
