2370 3908
108 154 173 219 298
411 152 557 206 ιιιιιιιιι
574 151 825 205 ιιιειιιιιοιιιε

109 285 283 371 σπινθῆρα
310 277 430 370 μικρὸν
449 281 481 362 ἐξ
510 281 643 366 ἕαντοιῖ,
669 276 780 349 καὶτὸ
800 279 961 349 ἐντεῦθεν
987 284 1135 372 ἔτρεφεν

111 393 218 458 ἐκεῖνο
245 385 282 457 τὸ
311 393 463 474 παιδίον,
491 383 662 473 ἐξαγαγὼν

244 519 281 581 ἔκ
307 508 345 582 θ’
376 515 514 600 αἵματος
541 517 579 580 ἔκ
604 538 639 580 τε
665 512 833 598 κνιλοιμού

57 647 110 697 230
184 616 249 687 Ἕκ
274 615 304 686 τ’
335 615 584 708 ἀνδροκτασίης.

112 740 130 816 ὁ
158 741 265 832 πατὴρ
298 741 336 812 M
368 737 386 811 ὁ
416 739 500 821 Ζεὺς
533 743 683 811 ἐκέλευσε
714 741 770 809 καὶ
801 737 865 828 τὴν
888 735 1040 829 Ἀθηνᾶν
1066 740 1158 830 τὴνι

112 849 272 939 άμήτορα,
299 847 361 937 τὴν
388 849 563 937 παρθένον
590 845 657 936 άμα
683 849 730 940 τῷ
754 841 854 938 Ἡλίῳ
880 843 919 916 τό
946 847 1133 938 παιδάριον

112 959 292 1046 ἐκτρέφειν.
332 956 408 1023 ’ἐπεὶ
436 955 474 1023 D
501 955 628 1044 ἐτράφη
656 955 711 1023 καὶ
738 958 876 1034 νεανίας
902 954 1034 1040 ἐγένετο

192 1082 336 1168 Προῖτον
363 1074 543 1167 ύπηνήτης,
570 1080 694 1166 τοῦπερ
721 1076 917 1168 χαριεστάτη
943 1074 1021 1167 ἥβη,

112 1202 321 1290 κατανοήσας
351 1204 420 1270 τῶν
451 1204 564 1271 κακῶν
596 1200 629 1270 τί
662 1204 806 1289 πλῆθος,
839 1196 967 1271 ὁπόσον
993 1229 1027 1271 τι
1054 1205 1133 1293 περὶ

112 1308 192 1390 τοὺς
229 1310 398 1395 ξυγγενεῖς
434 1305 539 1377 αύιού
572 1309 628 1377 καὶ
659 1306 739 1389 τοὺς
775 1304 937 1391 άνεψίονς
969 1308 1131 1397 ἐγεγόνει,
1147 1331 1172 1370 1⁰

113 1416 228 1503 ἐδέησε
260 1414 321 1503 μὲν
354 1408 458 1483 αὑτὸν
491 1420 537 1496 είς
564 1412 624 1484 τὸν
651 1413 817 1505 τάρταρον
848 1414 1013 1505 προέσθαι
1046 1413 1133 1505 πρὸς

72 1519 152 1592 Βτὸ
189 1524 331 1610 μέγεθος
366 1524 435 1589 τῶν
470 1523 583 1590 κακῶν
619 1523 803 1607 ἐκπλαγείς·
841 1522 910 1603 ἐπεὶ
947 1520 985 1590 δὲ
1012 1517 1132 1604 Ἥλιος

114 1625 254 1716 εὐμενὴς
282 1622 330 1695 τόν
357 1626 438 1716 μετὰ
464 1630 522 1716 τῆς
549 1634 720 1718 Προνοίας
744 1624 889 1715 Ἀθηνᾶς
915 1624 1026 1697 ύπνον
1055 1626 1132 1698 τινά

113 1736 168 1805 καὶ
201 1734 306 1822 κάρον
339 1731 491 1822 ἐμβαλὼν
522 1736 581 1822 τῆς
613 1737 762 1815 ἐπινοίας
791 1733 914 1821 ταύτης
946 1730 1150 1823 άπηγαγεν,’

115 1833 215 1922 αὖθις
243 1837 435 1930 άνεγερθεὶς
463 1837 595 1910 άπεισιν
623 1845 670 1921 είς
697 1841 846 1929 ἐρημίαν.
888 1836 958 1908 εἶτα
985 1842 1169 1910 {netu-1⁵

113 1959 181 2017 θον
208 1945 284 2016 τινά
311 1944 421 2038 εὑρὼν
448 1944 568 2038 μικρὸν
596 1943 806 2016 άνεπαύσατο
829 1946 886 2015 καὶ
912 1943 997 2035 πρὸς
1024 1942 1132 2016 αύτόν

115 2053 257 2140 ἐσκόπει,
284 2060 360 2122 τίνα
378 2054 504 2143 τρόπον
522 2052 714 2141 ἐκφεύξεται
731 2055 801 2121 τῶν
817 2051 990 2122 τοσούτων
1015 2056 1132 2123 κακῶν

114 2157 151 2228 τὸ
181 2161 335 2246 μέγεθος
363 2158 428 2249 ἤδη
448 2157 511 2246 γάρ
540 2156 631 2253 αύτῷ
650 2157 759 2228 πάντα
778 2160 933 2246 ἐφαίνετο
961 2160 1132 2250 μοχθηρά,

75 2274 97 2329 0
116 2264 220 2334 καλὸν
239 2265 277 2334 δὲ
295 2261 397 2336 οὐδὲν
425 2263 578 2354 ούύαμού
595 2266 686 2346 τέως.
718 2260 838 2356 Ἑρμῆς
857 2256 920 2334 οὖν
939 2262 1044 2358 αύτῷ·
1072 2267 1131 2335 καὶ

114 2371 178 2460 γάρ
216 2370 303 2461 εἶχεν
345 2377 473 2453 οἰκείως
514 2370 597 2462 πρὸς
638 2368 759 2441 αύτόν·
801 2368 912 2454 ὥσπερ
953 2366 1132 2460 ἡλικιώτης
1146 2394 1170 2434 ιο

115 2485 289 2559 νεανίσκος
308 2480 427 2566 φανεὶς
445 2474 617 2567 ἠσπάσατό
635 2504 670 2546 τε
689 2477 906 2577 φιλοφρόνως
922 2483 989 2565 καί,
1004 2468 1132 2568 Δεῦρο,

115 2581 216 2668 εἶπεν,
244 2580 378 2672 ἡγεμών
406 2605 459 2653 σοι
487 2582 551 2671 ἐγὼ
571 2590 687 2672 ἔσομαι
713 2589 804 2665 λείας
826 2585 883 2652 καὶ
910 2578 1134 2673 ὁμαλεστίρας

116 2684 201 2758 ὁδοῦ
229 2692 322 2758 τουτὶ
344 2688 382 2759 τὸ
402 2688 522 2779 μικρὸν
548 2686 731 2779 ὑπερβάντι
752 2688 790 2758 τὸ
811 2687 946 2759 σκολιὸν
972 2690 1029 2759 καλ
1049 2687 1132 2760 άπά-

114 2822 218 2883 τομον
254 2801 392 2885 χωρίον,
430 2788 472 2866 ού
503 2797 629 2878 πάντας
661 2791 741 2886 ὁρᾷς
771 2801 1038 2886 προσπταίοντας
1075 2798 1132 2866 καὶ

183 2983 298 3040 3Ι11ει1.
318 2987 341 3046 λ,
361 2983 434 3050 1641
456 2981 717 3049 ίκτεαιματοςν
786 2985 905 3039 suiad.
924 3001 960 3044 ιι,
976 2985 1028 3035 348
1100 2986 1132 3035 11

115 3043 270 3119 ἕδίησε],
273 3055 372 3114 ,Deest
400 3069 468 3118 μικρ
453 3051 523 3115 ρούέ
528 3051 626 3104 ‘Pet
665 3054 702 3104 At
729 3053 855 3105 Iulianus
889 3066 1046 3117 quanquam
1083 3051 1133 3102 aii-

116 3121 224 3184 quoties
251 3115 355 3185 μικροῐι
381 3121 428 3170 vel
454 3115 554 3186 ὀλίγον
581 3116 638 3170 δέω
664 3120 748 3184 dixit,
775 3128 806 3171 ut
832 3119 901 3171 171)
929 3119 1014 3170 1213
1041 3120 1132 3173 2821)

113 3187 199 3238 3100
224 3189 309 3238 324Β
333 3188 420 3241 3571)
443 3187 542 3268 4140,
565 3187 703 3239 interdum
726 3194 820 3239 tamen
838 3186 935 3250 etiam,
957 3191 989 3237 ui
1007 3186 1132 3239 (λούεται

114 3255 285 3317 observavit,
314 3254 420 3321 μικρού
441 3255 486 3308 vel
510 3225 612 3323 όλιγον
641 3256 671 3305 in
699 3255 753 3306 hac
782 3255 923 3306 locutione
953 3248 1071 3317 omittit,
1101 3261 1133 3305 ut

114 3323 165 3372 242
177 3323 202 3372 D
227 3327 254 3372 et
276 3292 325 3374 ’341
338 3323 377 3387 D,
402 3323 474 3388 quod
492 3324 563 3375 alios
581 3338 687 3389 quoque
706 3325 797 3374 facere
822 3321 963 3376 docentl.
982 3321 1132 3375 nokkerus

114 3389 217 3472 (iigmor.
231 3391 348 3442 Βλαελιεν
365 3408 390 3457 p
409 3390 472 3456 287)
490 3397 518 3442 et
536 3392 573 3443 M.
585 3391 726 3456 Hauptius
745 3390 875 3455 (Hermae
887 3389 949 3441 Vol.
961 3388 1001 3440 1v
1018 3406 1045 3456 p
1058 3390 1105 3473 89)
1124 3387 1129 3456 Ι

115 3449 205 3509 αὑτὸν
223 3456 258 3524 V]
279 3450 369 3511 αύιὸν
455 3462 488 3512 13
506 3450 610 3522 ύπνον]
630 3460 744 3510 Lacuna
761 3459 830 3510 ost
822 3473 851 3508 ιιι
868 3461 925 3523 pet.
1014 3449 1083 3511 15⁹
1066 3472 1131 3510 ανε-

114 3521 232 3590 γερθελς
251 3541 302 3581 om.
322 3533 378 3594 μοι.
