2392 3960
109 162 172 226 366
411 163 552 214 mmm
574 159 822 212 IMPERATORIS

109 289 200 378 νόθη
229 317 296 377 μοι,
323 290 379 358 καὶ
407 285 525 357 αὐτίκα
550 286 618 377 (τὰ)
647 276 798 375 βασίλεια
825 292 1050 376 περιείληπτο,
1067 289 1122 358 καλ

64 429 66 432 ⁴
109 395 217 483 έβόων
249 395 382 478 πάντες,
416 402 462 464 ἔτι
500 395 736 482 φροντίζοντός
768 422 835 482 μου
861 399 897 462 τί
920 391 985 484 χρὴ
1012 410 1123 487 ποιεῖν

108 504 164 571 καὶ
193 499 286 571 οὕτω
319 502 453 591 σφόδρα
480 500 707 582 πιστεύοντος·
740 506 860 588 ἔτυχον
890 498 956 589 γὰρ
990 505 1040 569 έτι
1066 504 1123 591 τῆς

70 612 250 697 Ογαμετης
291 607 395 694 ζώσης
435 635 491 694 μοι
527 603 804 695 ἀναπαυσόμενος
847 610 918 697 ίδίηι
959 604 1047 697 πρδς
1084 607 1121 678 τδ

109 721 252 801 πλησίον
278 711 432 806 ὑπερῷον
451 711 614 782 ἀνελθών.
652 712 724 782 εἶτα
743 715 886 782 ἐκεῖθεν·
914 709 1143 784 άνεπέπτατοι

109 819 173 910 γὰρ
201 817 218 890 δ
246 836 377 908 τοῖχος,
401 819 635 909 προσεκύνησα
661 821 722 890 τὸν
749 826 827 888 Δία.
874 820 1060 908 γενομένης
1087 819 1123 890 δὲ

108 933 155 995 ἔτι
182 933 330 1014 μείζονος
357 931 415 1015 τής
442 929 525 1014 βοῆς
551 928 606 996 καὶ
634 928 902 1019 θορυβουμένων
928 924 1071 995 πάντων
1087 929 1123 996 έν

107 1049 177 1113 τοῖς
214 1040 413 1120 βασιλείοις,
454 1029 593 1122 ᾐτέομεν
629 1032 690 1104 τὸν
729 1032 814 1104 θεὸν
851 1036 975 1104 δοῦναι
1015 1036 1122 1126 τέρας,

108 1137 214 1229 αὐτὰρ
242 1137 260 1208 ὅ
288 1136 318 1225 γ’
348 1136 428 1227 ἡμῖν
456 1142 542 1221 δεῖξε
568 1142 624 1210 καὶ
642 1137 765 1229 ἠνώγει
792 1145 974 1230 πεισθῆναι
1000 1140 1121 1233 καὶμὴ

107 1249 436 1334 προσεναντιοῦσθαι
475 1250 538 1315 τοῦ
579 1249 806 1336 στρατοπέδου
850 1251 891 1337 τή
934 1254 1152 1341 προθυμίην

64 1355 298 1440 Βγενομένων
325 1350 413 1440 ὅμως
441 1355 513 1441 ἐμοὶ
541 1356 597 1423 καὶ
624 1353 753 1423 τούτων
775 1357 844 1423 τών
871 1360 1032 1442 σημείων,
1061 1352 1122 1425 οάιι

108 1457 177 1539 εἶξα
206 1461 352 1547 ἑτοίμως,
380 1457 451 1528 ἀλλ’
482 1457 643 1548 ἀντέσχον
671 1467 718 1542 είς
736 1458 820 1530 ὅσον
846 1457 1041 1550 ἠδυνάμην,
1067 1463 1121 1532 καὶ

108 1563 186 1634 οὔτε
211 1564 273 1654 τήν
305 1566 492 1654 πρόσρησιν
524 1565 601 1635 οὔτε
632 1565 693 1636 τὸν
724 1569 894 1654 στέφανον
924 1569 1121 1657 προσιέμην.

108 1672 177 1739 ἐπεὶ
206 1671 243 1740 δὲ
270 1669 346 1740 οὔτε
378 1667 426 1753 εἷς
456 1677 525 1743 τών
551 1677 684 1742 πολλῶν
711 1670 890 1763 ἠδυνάμην
905 1686 1057 1763 κρατεῖν
1089 1678 1123 1744 ολ

107 1803 141 1845 τε
169 1781 268 1846 τοῦτο
297 1778 496 1865 βουλόμενοι
523 1781 683 1867 γενέσθαι
710 1781 786 1848 θεοὶ
813 1778 894 1860 τοὺς
919 1781 985 1869 μέν
1009 1779 1152 1872 παρά-ιι

107 1885 221 1969 ξονον,
249 1885 335 1971 έμοὶ-
349 1883 387 1952 δὲ
414 1891 556 1972 ἔθελγον
582 1882 644 1973 τήν
663 1885 810 1974 γνώμην,
838 1888 910 1976 ώρηι
931 1911 1002 1956 που
1029 1893 1122 1979 τρίτη

107 1987 228 2077 σχεδὸν
269 1987 331 2059 οὐκ
371 1991 448 2059 οἶδα
489 1984 623 2072 οὗτινός
663 2019 720 2080 μοι
756 1991 961 2081 στρατιώτου
1001 1992 1124 2076 δόντος

107 2097 273 2184 μανιάκην
309 2100 513 2186 περιεθέμην
548 2100 605 2168 καὶ
641 2090 752 2188 ἠλθον
794 2104 841 2180 είς
876 2096 918 2167 τά
955 2105 1122 2187 βασίλεια,
1159 2168 1164 2179 ,

107 2208 251 2272 ἔνδοθεν
278 2200 335 2272 ἀπ’
366 2201 482 2292 αὐτῆς,
511 2200 556 2286 ώς
583 2214 696 2274 ίσασιν
723 2209 759 2273 οί
782 2210 874 2292 θεοί,
906 2206 1039 2274 στένων
1064 2208 1124 2295 τῆς

55 2315 259 2398 εθοκαρδίας.
304 2316 413 2380 καίτοι
443 2315 528 2402 χρήν
555 2310 730 2400 δήπουθεν
761 2311 962 2382 πιστεύοντα
986 2314 1039 2404 τῷ
1057 2312 1155 2403 φή-ἰ

106 2443 203 2484 ναντι
229 2419 299 2508 θεῷ
317 2415 355 2485 τὸ
373 2419 470 2505 τέρας
497 2428 651 2508 θαρρεῖν·
680 2414 752 2487 ἀλλ’
781 2416 977 2508 ἠσηυνόμην
1000 2422 1126 2517 δεινῶς,

105 2525 161 2591 καὶ
194 2522 418 2611 κατεδυόμην,
451 2529 483 2592 εί
508 2524 640 2612 δόξαιμι
666 2522 711 2613 μή
744 2527 868 2605 πιστώς
899 2521 976 2614 άηρι
1003 2526 1123 2609 τέλους

106 2624 297 2698 ὑπακοῦσαι
327 2636 561 2722 Κώνσταντίρο.
610 2634 734 2720 πολλῆς
766 2621 867 2720 (οὖν)
900 2627 1007 2719 οὔσης
1043 2632 1122 2724 περὶ

105 2733 146 2803 τά
173 2741 324 2822 βασίλεια
342 2744 533 2824 κατηφείας,
560 2741 682 2806 τοῦτον
701 2733 807 2818 εὐθυς
825 2742 861 2805 οί
875 2744 1122 2809 Κώνσταντίοο

27 2850 30 2859 ’
106 2848 199 2928 φίλοι
232 2841 292 2910 τὸν
323 2840 443 2931 καιρδν
475 2839 622 2931 ἁρπάσαι
659 2846 898 2931 διανοηθέντες
933 2844 1156 2935 έπιβουλήνι

105 2975 162 3034 μοι
190 2948 374 3036 βάπτουσιν
402 2945 520 3018 αὐτίκα
539 2951 595 3019 καὶ
614 2952 785 3038 διένειμαν
806 2964 878 3032 τοῖς
904 2950 1125 3040 στρατιώταις

175 3183 241 3242 lt&
261 3190 322 3240 εδδ
341 3193 367 3241 Η
384 3198 412 3243 et
431 3192 497 3244 Cob
567 3187 643 3245 θέει
644 3189 736 3275 Pet.]
756 3188 803 3245 ε’πλ
861 3186 1122 3275 λάκαπαοοάμε·

105 3276 154 3318 νος
176 3257 217 3324 Η]
246 3251 469 3326 ἀναπαυόμενος
554 3264 571 3313 8
600 3251 721 3328 ᾐτέομεν
749 3253 870 3329 Gob.’]
853 3255 988 3346 ητεόμην.
1025 3262 1123 3317 Verba

104 3333 195 3378 sumta
218 3341 277 3376 εεεε
295 3342 329 3377 ex
348 3327 445 3394 Odyss
464 3345 493 3395 γ,
513 3332 562 3380 173
580 3328 702 3381 Cobetus
724 3329 809 3392 vidit,
830 3332 876 3395 qui
895 3327 990 3449 φῆναι
996 3342 1087 3465 7ηαοη
1068 3334 1125 3399 qu'o

103 3396 168 3445 inde
187 3394 318 3474 scriptum
336 3395 396 3446 vult
414 3411 463 3463 pro
482 3394 601 3459 δοῦναι,
627 3397 726 3463 00le
728 3398 840 3449 ,285Α
924 3386 980 3449 9ό

105 3462 168 3527 δεῐξ
154 3463 184 3527 ξε
178 3451 274 3579 V]C''
258 3479 272 3512 ο
291 3479 323 3528 γε
341 3454 412 3582 ἡμιη
431 3461 509 3527 δειξε
527 3460 632 3546 (ἔδειξε
650 3465 759 3530 spanh)
821 3468 853 3517 13
870 3466 1036 3533 προσείμην
996 3402 1125 3525 yffi.

105 3535 137 3582 14
155 3546 222 3583 ουτε
241 3523 411 3597 omnam
480 3535 513 3583 λδ
531 3548 585 3584 ουν
603 3532 666 3584 add
685 3533 711 3583 Η
