2370 3908
125 166 185 230 186
423 165 567 218 mmm
585 163 835 216 ιηεεωετοειε

122 293 184 383 την
220 291 333 380 όιῳαυῆ
371 294 729 380 πολυπραγμονοῦντες
765 289 882 378 φύσιν·
919 297 967 359 ἐτι
999 291 1037 359 δὲ
1068 289 1135 380 πρὸ

122 400 261 487 τούτων,
290 409 324 467 εί
347 419 401 467 σοι
429 405 544 486 φίλον,
572 400 647 487 περὶ
674 401 742 465 τῶν
769 393 1002 485 ὑπερκοσμίων
1031 397 1135 466 δυνό-

84 518 213 594 δμεων
240 502 346 573 αὐτοῦ
363 506 419 595 καὶ
448 506 623 594 ἐνεργειῶν
650 504 706 572 καὶ
726 506 761 572 ἐκ
788 509 920 592 μυρίων
938 501 976 571 τὸ
1004 505 1135 591 πλῆθος

124 609 220 697 ὀλίγα
251 613 383 680 θέασαι.
429 610 540 700 πρώτη
575 608 616 697 δη
644 612 712 678 τῶν
745 606 923 697 δννόμεων
955 613 1047 678 ἐστιν
1074 605 1134 677 αό-

123 722 199 803 τοῦ,
232 715 277 786 δι’
308 709 347 805 ἧς
375 714 457 804 ὅλην
485 713 529 784 δι’
560 712 639 802 ὅλης
666 713 727 803 την
755 714 879 805 νοερδιν
907 712 1044 802 οὐσίαν,
1076 741 1158 795 ταςι

124 821 306 912 ἀκρότητας
338 819 442 909 αὐτῆς
473 827 521 902 είς
551 825 589 888 ἓν
621 823 676 890 καί
708 818 808 890 ταύτό
847 821 1020 908 συνάγων,
1053 819 1134 890 όιπο-

124 938 239 1017 φαίνει
275 935 365 1017 μίαν.
416 927 517 1017 ὅσπερ
553 925 617 1015 γδιρ
654 928 729 1017 περὶ
766 925 826 995 τὸν
863 926 1029 1015 αἰσθητόν
1066 930 1134 996 ἐστι

35 1104 40 1115 ,
123 1037 251 1124 κόσμον
283 1038 432 1123 ἐναργῶς
462 1036 682 1120 κατανοῆσαι,
715 1031 822 1122 πνρὸς
849 1035 904 1102 καὶ
937 1037 997 1120 γης
1025 1039 1135 1121 είλημ-

124 1145 226 1229 μένον
255 1138 335 1229 νἰέρα
363 1141 418 1208 καὶ
446 1137 539 1227 ὕδωρ
568 1142 605 1206 έν
632 1140 736 1229 μέσῳ,
768 1141 836 1206 τῶν
870 1137 984 1228 ἅκρων
1016 1138 1134 1208 σόνδε-

125 1266 225 1334 σμον,
257 1249 356 1314 τοῦτο
390 1242 453 1314 οὐκ
485 1242 528 1312 όίν
554 1273 603 1327 τις
636 1245 770 1325 είκότως
797 1246 849 1312 ἐπὶ
881 1249 940 1333 τῆς
970 1243 1036 1333 πρὸ
1068 1247 1170 1313 τῶνιι

81 1362 105 1418 D
125 1353 288 1439 σωμάτων
306 1358 414 1431 αἰτίας
431 1355 683 1441 κεχωρισμένης,
711 1347 731 1438 η’
750 1353 809 1438 τῆς
828 1353 987 1437 γενέσεως
1014 1357 1136 1438 ἐχονσα

124 1457 186 1546 την
219 1455 324 1546 ἀρχὴν
357 1455 419 1526 οὐκ
447 1464 516 1525 ἐστι
543 1460 685 1543 γένεσις,
718 1454 805 1525 οὕτω
838 1455 1052 1544 διατετάχθαι
1080 1484 1136 1525 νο-

124 1570 261 1650 μίσειεν,
290 1561 374 1632 δι’στε
400 1565 511 1632 καὶέν
539 1566 678 1643 ἐκείνοις
704 1560 763 1643 τδις
781 1559 883 1650 όίκρας
902 1569 1009 1643 αίτίας
1036 1589 1136 1650 κεχω-

125 1672 282 1757 ρισμένας
309 1668 415 1756 πόντη
444 1672 513 1737 τῶν
541 1670 703 1757 σωμάτων
722 1663 787 1736 ὑπό
815 1695 919 1737 τινων
946 1668 1137 1759 μεσοτήτων

125 1781 172 1856 είς
208 1772 308 1844 ταύτὸ
346 1772 435 1864 παρὰ
471 1777 532 1843 τοῦ
569 1775 730 1862 βασιλέως
758 1769 873 1842 Ἡλίου
906 1775 1172 1862 σνναγομέναςισ

125 1884 288 1950 ένοῦσδαι
315 1883 389 1969 περὶ
416 1879 529 1950 αὐτόν.
575 1881 745 1967 συντρέχει
773 1880 810 1948 δέ
838 1877 928 1972 αὐτῷ
956 1877 1051 1968 καὶὴ
1076 1881 1138 1948 τοῦ

125 1985 210 2068 Διὸς
238 1987 457 2077 δημιουργικδχ
479 1987 629 2076 δύναμις,
659 1983 735 2074 (δι’)
764 1983 807 2072 ἣν
826 1992 954 2074 ἔφαμεν
971 1987 1028 2055 καὶ
1055 1984 1138 2077 πρό,-

125 2120 222 2182 τερον
251 2097 417 2182 ίδρῦσθαί
440 2121 474 2162 τε
508 2091 621 2174 αὐτοῖς
653 2095 690 2160 ἐν
717 2092 844 2183 Κύπρῳ
877 2094 933 2161 καὶ
965 2088 1137 2160 ἀποδεδεῖ-

73 2208 211 2286 144χθαι
238 2203 335 2289 κοινῇ
367 2197 407 2267 τδι
438 2202 568 2287 τεμένη·
606 2200 661 2268 καὶ
696 2196 757 2266 τὸν
786 2195 931 2268 Ἀπόλλω
969 2197 1006 2266 δὲ
1034 2195 1139 2266 αὐτὸν

126 2306 379 2394 ε’μαρτνρόμεθα
406 2309 474 2374 τῶν
501 2306 627 2392 λόγων,
660 2301 701 2372 ὃν
729 2302 816 2384 είκὸς
849 2304 1023 2392 δήπουθεν
1051 2300 1136 2393 ὑπὲρ
1150 2334 1173 2373 ει

32 2440 35 2445 ·
124 2415 183 2499 της
220 2414 341 2480 ἑαυτοῦ
379 2411 513 2498 φύσεως
550 2408 688 2497 ἄμεινον
724 2411 862 2478 είδέναι·
905 2409 1040 2478 σύνεστι
1073 2406 1139 2498 γδιρ

126 2519 181 2585 καὶ
210 2509 308 2597 οὗτος
336 2513 436 2607 Ἡλίῳ
469 2518 525 2585 καὶ
559 2519 770 2585 ἐπικοινωνεῖ
799 2517 854 2584 καὶ
881 2513 944 2603 τὴν
972 2512 1139 2603 ἁπλότητα

125 2624 193 2689 τῶν
220 2621 372 2708 νοήσεων
403 2624 459 2690 καλ
490 2621 527 2690 τὸ
556 2621 700 2710 μόνιμον
732 2624 790 2708 τῆς
818 2619 935 2702 οὐσίας
966 2623 1022 2690 καί
1055 2620 1140 2691 κατὰ

125 2724 229 2795 ταότδι
262 2723 303 2795 δν
339 2730 397 2815 τῆς
434 2730 609 2818 ἐνεργείας.
660 2724 743 2795 ιἰλλδι
779 2728 835 2795 καὶ
866 2726 928 2816 την
960 2727 1139 2797 Διονύσον

126 2830 283 2921 μεριστην
311 2838 533 2923 δημιουργίαν
566 2830 719 2920 οὐδαμοῦ
751 2840 905 2919 φαίνεται
936 2839 1086 2923 χωρίζων
1120 2829 1175 2903 διε

193 3053 335 3109 4θέασαι
352 3055 392 3123 Η]
411 3050 507 3122 δεόση
534 3059 538 3114 1
573 3049 609 3121 δὴ
627 3051 776 3119 MbEFG]
797 3050 830 3105 δὲ
857 3054 862 3119 Ι
894 3048 971 3106 ἐστιν
990 3044 1082 3107 αὐτοῦ
1100 3056 1139 3122 V]

128 3117 217 3175 αὐτοῦ
237 3116 297 3175 ἐστι
366 3120 499 3191 6αότῆς]
520 3115 613 3189 αὐτὴν
631 3126 655 3175 V
724 3119 828 3185 Τπερλ
846 3117 896 3175 τὸν
915 3118 987 3174 αίσθ
1008 3115 1060 3174 τόν
1078 3115 1140 3175 ἐστι

125 3187 163 3256 V]
186 3183 245 3241 ἐστι
263 3191 328 3258 περὶ
347 3184 398 3243 τὸν
416 3185 561 3257 αἰσθητὸν
629 3195 645 3244 8
665 3185 838 3256 εἰλημμένον
857 3140 1007 3256 νΜοΕῈῖδ
1029 3187 1141 3257 είλημέ-

126 3274 178 3308 νον
247 3261 278 3308 11
297 3255 401 3336 αίτίαςι
411 3257 445 3325 V]
464 3252 563 3316 οόσίας
579 3256 583 3322 Ι
607 3249 626 3324 ἢ
644 3249 751 3343 Ρε1.]ἢ
773 3257 777 3317 Ι
802 3257 939 3335 γενέσξως
955 3256 1018 3324 Mb]
1038 3252 1141 3340 γεννη-

126 3341 196 3384 σεως
266 3330 297 3379 15
315 3321 403 3378 ταότο
422 3325 459 3389 Η]
478 3321 570 3378 ταῦτα
657 3330 688 3378 17
707 3327 737 3379 δι
768 3320 806 3393 ἣν
823 3323 859 3392 Η]
878 3343 916 3391 ην
1002 3327 1034 3377 18
1060 3321 1141 3391 ίδρν·

126 3394 198 3444 σθαι
217 3396 242 3445 V
328 3397 359 3445 19
382 3384 498 3444 ἅπόλλω
516 3392 589 3456 libri]
609 3387 769 3447 Ἀπόλλωνα
855 3397 889 3446 20
910 3391 968 3444 τῶν
990 3385 1083 3458 λόγων
1101 3397 1126 3445 V

126 3453 257 3530 τῷλόγῳ
326 3464 359 3512 22
378 3459 428 3512 καὶ
446 3451 620 3528 οὖτοςὴλίω
638 3460 674 3527 V]
695 3455 767 3532 ἡλίῳ
786 3457 835 3512 καὶ
855 3449 940 3519 οὗτος
967 3463 971 3525 Ι
1005 3457 1130 3527 καλιὴν

126 3523 176 3581 διδ
194 3525 247 3595 την
265 3532 300 3580 Η.
330 3530 365 3584 cf.
386 3528 467 3580 1490
