2392 3960
111 182 151 246 70
410 185 553 237 IULIANI
572 185 821 236 IMPERA'I'ORIS

109 315 196 380 νεῶν
229 314 284 379 καὶ
316 311 520 400 ἐπιβεβηκὼς
551 315 619 380 τῶν
657 319 775 403 ἰκρίων
812 322 891 393 ίσως
927 308 970 381 ἂν
1002 315 1122 401 τυγχά-

68 442 72 450 ·
109 447 163 487 νοι
191 416 281 498 τινὸς
314 417 406 500 ἀξίας
439 418 576 499 εἰκόνος.
623 421 726 487 ἐθέλω
759 418 796 487 δὲ
824 416 905 508 ὑμίν
932 425 1123 507 διηγεῖσθαι

107 524 169 611 την
198 526 250 592 ἐπὶ
277 528 323 615 τῷ
352 529 488 616 ποταμῷ
516 525 641 614 μάχην,
674 522 717 614 ἣν
744 522 932 614 ἠγωνίσατο
966 525 1124 613 βασιλεὺς

109 637 254 718 ἔναγχος.
302 641 371 700 ίστε
399 631 435 700 ὑὲ
464 629 547 700 ὅθεν
575 628 593 701 ὁ
621 631 764 721 πόλεμος
792 632 960 723 ἐξερράγη,
987 635 1042 701 καὶ
1071 631 1123 701 ὅτι

108 735 169 817 ξὺν
198 743 274 826 δίκη
293 739 349 806 καὶ
369 735 410 807 ού
433 741 494 807 τοὺ
517 745 671 820 πλείονος
699 741 861 829 ἐπιθυμίᾳ
890 739 1150 827 οιεπολεμηθη.ε

108 843 229 911 κωλύει
257 844 294 912 δὲ
323 840 426 913 οὐδέν
454 841 715 934 ὑπομνησθῆναι
744 842 789 914 δι’
820 843 953 931 ὀλίγων.

185 947 282 1039 Ἀνηρ
316 949 453 1030 ύπιστος
486 954 541 1020 καί
568 950 701 1039 θρασὺς
732 955 791 1039 της
819 949 860 1020 ού
887 952 1123 1042 προσηκούσης

72 1053 312 1146 Βόρεχθεὶςί
295 1063 473 1179 ηγεμονίας
510 1064 628 1126 κτείνει
669 1056 729 1126 τὸν
770 1054 920 1145 ιἰὑελφόν
961 1060 1123 1144 βασιλέως

74 1164 169 1230 ’καὶ
194 1165 251 1250 της
276 1159 386 1252 ἀρχῆς
422 1164 603 1249 κοινωνόν,
637 1162 746 1232 καλ”
724 1191 821 1254 ηρετο
856 1172 1020 1299 λαμπραῖς
1051 1179 1123 1246 ταῖς

108 1271 249 1355 ἐλπίσιν,
278 1297 322 1349 ως
349 1267 409 1337 τὸν
428 1273 627 1339 Ποσειδῶνα
655 1270 880 1358 μιμησάμενος
907 1271 962 1337 καὶ
990 1267 1121 1358 ιἰποφα-
1138 1295 1163 1334 10

107 1378 178 1444 νων
206 1373 249 1443 οὐ
267 1378 382 1462 μῦθον
409 1374 469 1444 τὸν
484 1372 632 1464 Ὁμήρου
660 1376 774 1463 λόγον,
801 1375 925 1456 παντὸς
950 1375 986 1444 δέ
1010 1372 1123 1464 ἀληθῆ

107 1485 243 1568 μᾶλλον,
273 1478 310 1562 ὃς
337 1487 401 1569 ἔφη
430 1484 504 1570 περὶ
532 1485 594 1551 τοὺ
619 1486 703 1551 θεοί

190 1607 268 1694 Τρὶς
303 1606 364 1693 μὲν
401 1603 528 1693 ὀρέξατ’
570 1605 651 1692 ίύν,
688 1604 725 1675 τὸ
765 1606 801 1675 δὲ
838 1608 995 1693 τέτρατον
1033 1610 1121 1675 ἵκετο

961 1715 1103 1801 τέκμωρ,

187 1818 309 1904 Ami&

107 1944 162 2011 καὶ
192 1939 236 2023 ὑς
263 1944 422 2012 ἐντεῦθεν
449 1938 511 2031 την
539 1950 728 2014 πανοπλίαν
755 1941 937 2031 ἀναλαβὼν
963 1944 1019 2011 καί
1038 1939 1121 2011 ὑπο·
1137 1970 1163 2011 ιε

109 2049 220 2131 ζεύξας
247 2049 326 2129 τοὺς
353 2053 476 2130 ἵππους
504 2047 561 2118 0ιὺ
588 2053 649 2119 τοὺ
677 2051 842 2136 πελοίγονς
870 2051 1014 2138 ἐφέρετο.

54 2183 88 2230 56
189 2181 221 2240 Γ
216 2173 371 2261 ηθοσύνη
392 2173 429 2242 δὲ
447 2175 601 2243 θάλασσα
620 2180 782 2243 διίστατο·
810 2176 861 2243 τοὶ
881 2169 912 2242 δ’
936 2175 1089 2242 ἐπέτοντο

184 2275 303 2368 Ῥίμφα
344 2276 438 2368 μάλ’,
481 2277 555 2349 οὐδ’
596 2276 762 2371 ὑπένερθε
803 2286 949 2349 διαίνετο
986 2278 1122 2367 χάλκεος

959 2383 1063 2471 ἄξων,

108 2509 165 2579 ἅτε
193 2508 333 2591 οὐδενὸς
363 2509 518 2598 ἐμποδὼν
537 2508 646 2597 ὄντος,
674 2512 810 2580 πάντων
833 2510 870 2579 δὲ
899 2511 1121 2598 ἐξισταμένων

107 2617 162 2684 καὶ
191 2613 460 2705 ὑποχωρούντων
488 2619 525 2685 ἐν
552 2621 710 2708 χαρμονῇ.
748 2615 877 2687 ούκονν
900 2613 1003 2685 οὐδὲν
1031 2612 1121 2707 αὑτῷ
1136 2646 1165 2686 ιο

107 2724 268 2811 πολέμιον
301 2720 381 2791 οὐδὲ
413 2720 596 2792 ιἰντίπαλον
633 2721 716 2815 ᾤετο
749 2725 1003 2807 καταλιπέσθαι,
1041 2720 1122 2791 οὐδὲ

108 2826 213 2897 αὑτὸν
245 2835 430 2920 κατείργειν
462 2826 542 2898 οὐδὲ
571 2834 608 2898 ἓν
635 2829 672 2899 τὸ
706 2830 750 2919 μὴ
784 2832 837 2899 ἐπὶ
870 2832 931 2899 τοὺ
962 2836 1123 2919 Τίγρητος

109 2939 226 3023 στῆναι
262 2951 334 3017 ταῖς
371 2938 530 3022 ἐκβολαῖς.
577 2940 684 3005 εἵπετο
718 2937 754 3005 ὑὲ
792 2934 881 3028 αύτῷ
919 2933 1023 3015 πολὺς
1059 2935 1122 3023 μέν

195 3152 412 3239 λέπιβεβηκιὸς
436 3157 511 3227 VM]
539 3153 740 3228 ὑπερβεβηκώς
825 3162 841 3209 5
865 3149 917 3223 ξὺν
941 3158 1013 3225 VM]
1042 3152 1119 3237 οὑνλ

108 3221 229 3307 πλέονρς
247 3229 272 3277 V
340 3220 430 3279 8τὸν
451 3224 496 3295 Η]
520 3245 551 3280 τε
622 3231 653 3280 10
676 3224 870 3294 μιμησάμενος
893 3228 921 3277 Μ
962 3219 1124 3293 μιμησάμε·

109 3287 354 3377 νρςΙᾶποφανῶν
371 3296 457 3346 Pet)
448 3312 478 3345 m
497 3296 538 3347 ed
556 3288 791 3376 Μνασιγείτων
860 3297 892 3346 13
914 3295 995 3346 liad.
1012 3311 1029 3344 ν
1038 3292 1120 3374 ,201

109 3359 246 3427 τέταρτον
265 3364 322 3412 VM
391 3366 438 3442 17„
441 3363 521 3416 Iliad.
540 3381 570 3427 ν,
588 3367 621 3415 29
690 3367 723 3415 20
741 3379 848 3416 οοκουν
865 3360 909 3443 V]
921 3355 1029 3414 ούκοῦν
1048 3361 1053 3426 Ι
1072 3351 1123 3440 οὑ.-

110 3382 214 3513 θξνΗ]
234 3422 304 3483 οὑδὲ
331 3431 336 3494 Ι
364 3423 441 3500 αὑτῷ
462 3436 490 3482 et
508 3434 540 3482 22
559 3449 650 3484 αυτον
668 3431 707 3511 Η]
728 3423 806 3512 αὑτῷ
827 3436 855 3481 et
873 3446 963 3482 αντον
1031 3432 1064 3480 22
1088 3422 1121 3482 τὸ

109 3494 148 3563 μὴ
162 3499 208 3618 H}
232 3517 270 3550 τω
292 3498 381 3620 (εἰοοέ
384 3485 512 3562 accentu)
535 3491 576 3566 μὴ
594 3501 638 3566 Μ,
656 3498 694 3568 τῷ
712 3492 751 3566 μὴ
771 3503 844 3553 cant.
865 3499 952 3563 etfl„
976 3497 1027 3550 τοῦ
1046 3514 1086 3564 μη
1104 3513 1123 3549 v

109 3569 142 3616 23
162 3560 294 3632 κβολαις
312 3564 348 3634 V]
368 3559 504 3635 ἐμβολαις
