2392 3960
454 158 589 210 okfflo
610 158 685 208 vm.
727 134 729 137 ’
904 225 906 229 v
1007 159 1066 222 321

53 283 116 353 νοί
112 312 166 370 ας,
199 286 384 372 καθέξομέν
415 313 450 354 τε
478 283 641 373 ἀλλήλους
668 287 705 353 ἐν
736 300 808 366 ταῖς
840 288 969 354 ἑαυτῶν
997 287 1069 355 δια-

53 396 166 471 νοίαις
201 392 405 479 ἱδρυμένους
442 389 552 520 ὥσπερ
590 389 769 480 ἀγάλματα.
815 393 871 460 καὶ
907 395 973 463 νύν
1009 392 1070 481 μὲν

54 493 121 582 έγεδ
148 494 210 564 τὸν
235 493 473 587 Ἀναξαγόραν,
507 489 608 579 αὖθις
635 497 718 565 δὲ’
701 512 826 579 εκεῖνος
859 496 975 580 ὄψεται
1001 501 1069 588 ἐμέ·

54 601 177 671 κωλύει
214 602 251 671 δὲ
284 600 386 672 ούδεν
422 606 478 673 καὶ
511 601 578 692 ἅμα
614 605 748 691 βλέπειν
784 601 962 693 ἀλλήλους,
995 603 1114 694 ούχὶΙ)

23 715 177 797 εσαρκία
209 711 264 777 καὶ
296 712 401 796 νεῦρα
437 711 493 779 καὶ
524 712 657 799 μορφῆς
687 710 842 798 τύπωμα,
879 713 999 800 στέρνα
1035 740 1070 781 τε

55 816 269 902 ἐξεικασμένα
305 813 388 904 πρὸς
430 814 616 906 άρχέτυπον
657 816 825 904 σώματος·
866 824 975 886 καίτοι
1015 821 1071 887 καὶ
1159 856 1164 863 ’

53 924 155 996 τούτο
184 921 304 990 κωλύει
335 920 439 1009 τυχὸν
468 919 570 991 ούδέν
596 937 668 1003 ταῖς
700 927 866 1003 διανοίαις
893 919 988 1012 ἡμῶν
1015 927 1070 1012 έμ-

42 1014 255 1114 Ῡφαίνεσθαι
284 1024 356 1096 ἀλλ’
387 1035 434 1109 είς
461 1027 523 1117 τὴν
551 1026 673 1117 άρετην
700 1030 755 1098 καὶ
778 1027 837 1110 τάς
854 1031 987 1119 πράξεις
1014 1030 1070 1098 καὶ

53 1132 134 1214 τοὺς
167 1133 289 1220 λόγους
320 1136 376 1202 καὶ
403 1133 461 1216 τάς
490 1126 618 1223 ὁμιλίας
638 1137 706 1209 ,καὶ
733 1133 792 1216 τδις
824 1136 998 1222 ἐντεύξεις,
1032 1133 1071 1218 ig

10 1262 39 1302 ιο
53 1239 213 1320 πολλάκις
245 1241 473 1328 ἐποιησάμεθα
505 1238 574 1329 μετ’
609 1238 776 1329 ἀλλήλων,
814 1238 876 1310 οὐκ
914 1240 1071 1330 ἀμούσως

26 1400 30 1402 -
53 1342 240 1434 ὑμνοῦντες
268 1352 423 1415 παιδείαν
450 1348 506 1416 καὶ
535 1348 755 1435 δικαιοσύνην
779 1346 914 1418 καὶτὸν
942 1351 1069 1439 έπιτρο-

52 1452 201 1520 πεύοντα
229 1456 315 1521 νούν
332 1452 373 1522 τδι
395 1452 506 1541 θνητά
525 1455 580 1523 καὶ
607 1453 649 1522 τὰ
677 1451 887 1545 άνθριόπινα,
915 1456 970 1524 καὶ
989 1458 1123 1544 περὶεεε

52 1559 221 1638 πολιτείας
248 1561 303 1628 καὶ
322 1559 437 1648 νόμων
463 1562 519 1629 καί
537 1560 672 1650 τρόπων
699 1557 818 1651 ιἰρετης
835 1562 890 1630 καὶ
919 1565 1071 1651 χρηστῷν

53 1657 324 1753 ἐπιτηδευμάτων
353 1666 539 1752 διεξιόντες,
567 1664 630 1736 ὅσα
648 1695 685 1753 γε
705 1663 785 1755 ἡμῖν
804 1670 841 1735 έν
868 1670 974 1760 καιρῷ
993 1668 1071 1737 τού-

11 1790 38 1832 15
52 1797 121 1838 των
151 1774 380 1859 μεμνημένοις.
424 1777 529 1840 ταύτα
557 1776 764 1856 ἐννοοῦντες,
791 1772 923 1852 τούτοις
949 1774 1070 1862 τρεφό-

52 1903 149 1964 μενοι
179 1892 250 1957 τοίς
282 1878 432 1956 είδεόλοις
464 1876 566 1965 τυχὸν
599 1872 662 1944 ούκ
690 1873 833 1965 ὀνείρων
865 1883 1071 1967 νυκτερινῶν

53 1981 236 2069 ίνδάλμασι
269 1984 472 2070 προσέξομεν
506 1979 585 2050 ούδδ
617 1981 698 2051 κενδι
731 1984 787 2051 καὶ
814 1982 936 2070 μάταια
968 2005 1070 2073 προσ-

53 2094 153 2174 βαλεῐ
177 2090 223 2178 τῷ
252 2090 300 2179 νῷ
329 2088 548 2175 φαντάσματα
576 2090 731 2177 πονηρῷς
754 2083 820 2157 ὑπὸ
848 2092 907 2176 τῆς
924 2093 987 2158 τού
1006 2091 1070 2160 σοι’-

53 2220 156 2281 ματος
183 2193 330 2283 κράσεως
358 2204 516 2281 αίσθησις
545 2197 743 2283 διακειμένη.
781 2192 861 2263 οὐδὲ
880 2196 944 2285 γὰρ
964 2194 1070 2285 αὐτὴν

14 2299 321 2389 ευπαραληψόμεθα
361 2299 423 2389 τὴν
464 2310 627 2388 αἴσθησιν
668 2297 851 2390 ὑπουργεῖν
892 2297 972 2390 ἡμῖν
1013 2305 1111 2372 καλΒ

418 2406 636 2495 ποφυγων
669 2405 777 2495 αὐτὴν
809 2403 827 2476 δ
860 2411 942 2489 νούς
973 2411 1069 2497 ἐμμε-
1126 2409 1128 2413 ’

53 2511 182 2599 λετήσει
209 2512 340 2594 τούτοις
367 2512 451 2602 πρὸς
479 2514 683 2601 κατανόησιν
701 2516 757 2582 καὶ
776 2512 985 2603 σννεδισμδν
1002 2519 1071 2585 τῷν

54 2615 241 2705 ἀσωμάτων
270 2620 525 2708 διεγειρόμενος·
559 2624 607 2712 νῷ
636 2619 700 2710 γδιρ
733 2617 775 2708 δὴ
803 2623 937 2713 καὶτῷ
965 2629 1070 2711 κρείτ·
1120 2669 1121 2674 1

52 2751 127 2792 τονι
156 2724 330 2813 σύνεσμεν,
358 2727 414 2794 καί
436 2725 476 2794 τδι
495 2724 558 2814 τὴν
587 2736 747 2814 αίσδησιν
776 2724 996 2815 ἀποφυγόντα
1015 2730 1070 2798 καλ

122 2917 139 2964 3
161 2904 266 2994 ὄψεται
284 2905 342 3033 έμέέ
352 2906 424 2980 H]
407 2913 516 2998 οψεται
532 2932 567 2981 με
637 2919 723 2966 4ε15
746 2907 799 2967 ουίι
818 2912 860 2975 είς
879 2914 983 2997 σαρκία
1001 2917 1070 2969 Rsk.

53 2983 139 3031 50t6
159 2975 261 3045 στέρνα
279 2998 309 3032 τε
329 2975 519 3048 έξεικασμευα
538 2985 566 3033 Μ
585 2989 621 3046 et,
642 2988 673 3034 ut
690 2984 818 3046 videtur,
839 2985 870 3045 V,
889 2999 952 3034 nam
971 2986 1001 3034 in
1019 2985 1071 3035 hoe

53 3049 158 3115 partim
181 3050 231 3100 sub
259 3049 370 3100 macula
395 3050 495 3106 latent
531 3022 621 3116 Vulgo’
647 3051 749 3117 legitur
775 3065 886 3115 στερ...
915 3044 1072 3116 έξείτασμα

54 3117 139 3182 (pet.)
164 3122 212 3166 aut
238 3114 361 3180 στέρνων
384 3134 414 3169 τε
438 3109 594 3183 ἔξείκασμα
620 3116 763 3200 (spanh).
788 3118 884 3169 Sumta
911 3124 975 3169 sunt
1001 3120 1072 3170 haec

53 3184 141 3236 verba
159 3201 192 3234 ex
210 3184 277 3239 Eur
296 3186 467 3241 Phoen.165
537 3188 569 3236 14
587 3179 617 3236 έν
636 3182 727 3251 καιρῷ
745 3177 817 3265 ἧμιν
835 3188 871 3237 Μ.
902 3186 969 3240 ΒιΙτ
988 3181 1072 3267 ἐπῄει

54 3259 118 3318 post
131 3243 208 3318 ἡμιν
227 3252 303 3303 addit
373 3255 404 3304 15
422 3245 596 3319 τρεφόμενοι
614 3251 654 3320 Μ]
674 3246 863 3320 στρεφόμενοι
921 3255 952 3303 16
970 3249 1071 3305 νυκτέ-

53 3336 111 3386 ρων
135 3320 215 3382 oob;
238 3336 302 3371 nam
325 3321 463 3371 senarium
474 3321 600 3399 Tragici
624 3321 766 3385 cujusdam
789 3322 842 3383 (ef
867 3321 948 3386 Diog.
972 3322 1070 3371 Laort.

53 3390 78 3451 6,
97 3385 143 3453 96)
167 3362 270 3454 respici
357 3391 388 3439 17
412 3380 569 3467 ίνδάλμασι
588 3405 638 3445 om
657 3390 686 3438 M
684 3388 722 3506 ΜΙ
754 3384 843 3440 καινά
860 3393 916 3470 pet
948 3387 952 3453 Ι
985 3405 1023 3453 πρ
1024 3402 1073 3440 οσ-

53 3454 156 3536 βαλεῖ
166 3455 235 3508 Rsk.
254 3460 282 3506 ει
301 3453 395 3536 Gob.]
405 3449 561 3538 προσῷάλει
587 3454 714 3523 (εἰο)Μ
720 3454 930 3524 ,προσβάλλει
953 3473 970 3505 v
1040 3458 1072 3508 18
1178 3484 1180 3492 ι

54 3518 250 3588 φαντάσματα
267 3521 308 3589 Μ]
327 3519 363 3576 τά
380 3538 576 3590 φαντάσματα

107 3625 214 3667 Iulianus
226 3627 246 3667 Ι.
824 3613 857 3660 21
