2392 3960
479 169 616 223 ossfflo
635 172 657 221 1.
1038 171 1077 234 ιη

57 300 161 387 λόχον
201 313 272 378 τοῖς
307 293 444 385 ἡγεμόσι
480 300 549 365 τῶν
590 295 707 366 άλλων.
762 304 870 367 καίτοι
906 301 977 378 πῶς
1015 296 1077 369 οὑκ

57 404 181 493 εύηθες
214 401 367 473 ἀπαιτεῖν
393 398 460 491 ’μὲν
493 400 611 492 άρετης
642 407 785 491 μέγεθος
822 403 1076 493 άνυπέρβλητου

56 509 148 603 παρά
166 514 235 579 τῶν
254 507 438 601 άρχόυτων,
462 524 622 599 προνοεῖν
642 511 679 578 δὲ
698 513 813 599 μηδέν,
834 509 924 591 ὅπως
942 518 1076 580 ε”σονται

57 622 126 687 τῶν
158 620 292 687 πολλῶν
326 618 556 706 διαφέροντες;
594 617 649 684 καὶ
681 633 752 698 τοῖς
784 617 845 704 μὲν
882 618 1075 707 βαρβάροις,

32 722 184 794 εᾶπασιν
212 726 249 791 ἐν
276 726 378 815 κοινῷ
406 726 464 811 της
497 719 598 811 άρχῆς
625 723 747 812 ταύτης
778 726 1010 811 προκειμένης,
1038 723 1075 793 τὸ

58 828 122 919 τὴν
150 831 336 917 ἐπιμέλειαν
354 832 423 896 τῶν
449 826 547 916 ηδῶυ
567 824 687 916 ὁμοίαν
705 837 884 916 γίγνεσθαι
911 831 1077 918 παράσχοι

58 935 276 1023 συχχνάμηυ·
309 933 369 1004 τὸν
397 937 600 1021 Λυκούργου
629 934 665 1002 δὲ
692 950 762 1016 τοῖς
790 932 849 1022 άφ’
877 931 1119 1022 ἩρακλέουςΙ)

58 1040 303 1130 άστυφέλικτον
325 1039 387 1128 τὴν
406 1047 580 1129 βασιλείαν
604 1042 873 1128 διαφυλάττοντα
902 1043 987 1129 [καὶ]
1016 1071 1076 1130 μη-

59 1155 179 1237 δεμίαν
197 1144 366 1237 ὑπεροχὴν
385 1150 422 1215 ἐν
440 1163 512 1227 ταῖς
527 1149 726 1235 ἐπιμελείαις
743 1151 811 1216 τάν
825 1150 914 1216 νέων
933 1144 1077 1237 εὑρόντα

21 1279 48 1319 1⁰
60 1255 194 1344 σφόδρα
222 1251 265 1322 άν
293 1281 342 1334 τις
369 1254 505 1333 εἰκότως
531 1257 703 1341 μέμψαιτο.
741 1252 822 1323 οὐδὲ
849 1252 912 1343 γάρ
937 1260 968 1322 εί
993 1255 1077 1322 πάν-

57 1389 116 1441 τας
149 1365 439 1446 Λακεδαιμονίους
471 1357 619 1447 άθλητάς
651 1358 769 1448 άρετῆς
801 1362 856 1429 καὶ
891 1367 1077 1449 τροφίμους

60 1465 141 1559 ᾤετο
171 1472 243 1535 δεῖν
271 1463 371 1551 εἶναι,
406 1469 463 1552 τῆς
491 1476 564 1552 ίσης
596 1464 713 1547 άξιοῦν
741 1470 842 1556 ἐχρην
868 1470 995 1555 τροφης
1022 1469 1077 1535 καὶ

59 1577 211 1653 παιδείας
237 1569 317 1652 τοὺς
345 1571 479 1653 ἰδιώτας
496 1586 567 1652 τοῖς
594 1570 766 1660 άρχουσιν.
803 1569 823 1659 δ,
849 1571 912 1661 γάρ
940 1573 1076 1660 τοιαύτη
1098 1584 1130 1632 15

59 1677 143 1747 κατά
171 1675 291 1767 μικρόν
323 1673 538 1764 ὑποδυομένη
573 1677 740 1765 συνήθεια
771 1693 843 1760 ταῖς
874 1693 997 1765 ψυχαῖς
1024 1681 1077 1746 ἐν-

24 1799 167 1853 ιετεκεῖν
199 1779 386 1872 ὑπεροψίαν
417 1786 485 1851 τῶν
521 1784 735 1873 κρειττόνων·
774 1783 859 1865 ὅλως
895 1783 958 1872 γάρ
997 1781 1078 1853 ούδέ

58 1896 250 1981 κρείττονας
282 1891 458 1977 νομιστέον
485 1887 568 1970 τοὺς
600 1887 642 1958 ού
669 1888 715 1958 δι’
746 1888 867 1980 ιἰρετδχν
894 1890 1077 1980 πρωτεύειν

59 1996 231 2085 λαχόντας.
276 1998 375 2063 τοῦτο
409 1994 446 2063 δὲ
480 1994 571 2083 οἶμαι
603 1998 658 2064 καὶ
687 1997 899 2085 Σπαρτιάτας
931 2005 1077 2083 χαλεπω-

59 2105 176 2191 τέρους
214 2100 380 2190 άρχδῆναι
416 2115 486 2182 τοῖς
526 2105 700 2188 βασιλεῦσι
736 2117 871 2192 παρεῖχε
911 2102 1077 2183 πολλάκις.

59 2209 218 2298 χρήσαιτο
253 2204 284 2274 δ’
320 2203 364 2274 άν
395 2234 445 2288 τις
477 2224 581 2295 σαφεῖ
609 2214 773 2299 τεκμηρίφ
806 2212 874 2276 τῶν
902 2210 1077 2298 ῥηθέντων

23 2318 99 2403 ειτῇ
118 2313 324 2402 Λυσάνδρου
352 2311 435 2403 πρὸς
456 2311 653 2401 Ἀγησίλαον
680 2321 852 2404 φιλοτιμίη
880 2316 935 2383 καὶ
964 2312 1116 2403 άλλοιςΒ

60 2426 221 2507 πλείοσιν,
250 2417 353 2488 ἐπιὼν
380 2417 420 2487 τά
447 2424 662 2510 πεπραγμένα
681 2435 751 2501 τοῖς
778 2417 952 2510 άνδράσιν.
995 2416 1077 2488 άλλά

58 2540 130 2607 τοῖς
167 2525 228 2613 μὲν
260 2521 280 2612 ἡ
318 2532 466 2594 πολιτεία
499 2526 568 2616 (τά)
606 2525 690 2616 πρὸς
728 2523 849 2616 άρετὴν
887 2524 1079 2616 άρκούντως

59 2631 372 2721 παρασκευάζουσα,
401 2637 432 2700 εί
457 2634 513 2701 καὶ
540 2633 646 2721 μηδὲν
679 2635 843 2723 διαφέρον
872 2631 1077 2720 ἐπιτηδεύειν

61 2740 178 2807 ἐδίδου
205 2741 273 2806 τῶν
300 2741 443 2825 πολλῶν,
472 2735 554 2807 άλλδι
572 2738 609 2808 τὸ
638 2749 752 2819 καλοῖς
778 2737 943 2826 κάχαδοῖς
970 2735 1076 2826 ὑπάρ-

22 2866 131 2933 εῖχειυ
168 2858 324 2933 παρεῖχεν
360 2841 520 2934 άυδράσι·
562 2851 806 2935 Καρχηδονίων
848 2845 884 2914 δὲ
921 2842 1002 2913 ούδέ
1038 2842 1078 2913 τά

59 2948 159 3019 κοινά
185 2953 254 3018 των
282 2952 550 3038 ἐπιτηδευμάτων
570 2955 718 3020 ἐπαινεῖν
743 2949 844 3032 άξιου.
883 2951 1077 3032 ἐξελαύνου-

61 3083 115 3138 πες
143 3054 206 3147 χδιρ
233 3059 301 3125 τῶν
321 3060 437 3125 οίκιῶυ
457 3061 492 3126 οί
517 3073 628 3143 γονεῖς
645 3056 724 3138 τοὺς
751 3064 874 3138 παῖδας
902 3059 1077 3126 ἐπέταττον

128 3210 190 3257 δεῖ
207 3209 222 3257 6
241 3204 293 3258 τοῦ
311 3199 366 3274 τὴν
384 3200 460 3274 ἐπιμ.
478 3224 501 3261 τ.
520 3197 572 3274 ἠδ.
591 3200 637 3272 δμ.
655 3207 730 3274 χίχν.
750 3201 846 3274 παράσ
867 3224 910 3268 οις
929 3195 967 3258 άν
986 3210 1078 3272 suspi-

61 3276 141 3325 catur
162 3273 274 3325 Schaef.
345 3278 360 3325 7
382 3269 434 3327 τὸν
451 3273 619 3342 Λυκοῦργον
643 3271 677 3327 δὲ
698 3273 732 3341 V]
754 3270 806 3327 τόν
830 3224 865 3327 δέ
884 3271 1052 3341 Λυκοῦργον
1073 3271 1076 3343 λ

59 3332 202 3423 ἡρακλέος
224 3342 249 3392 V
334 3346 350 3394 8
373 3340 423 3394 καὶ
449 3343 594 3394 delendum
621 3344 740 3395 videtur.
780 3345 816 3393 ef.
842 3344 877 3394 ad
903 3345 974 3394 471)
1062 3345 1077 3394 8

60 3424 100 3474 μη
129 3404 164 3462 δέ
189 3408 261 3474 μίαν
283 3414 343 3463 VM
430 3413 460 3461 14
488 3403 630 3477 ἐντεκεῖν]
660 3403 790 3463 ἐνέτεκεν
812 3413 915 3476 Wytt.‚
944 3406 1078 3487 πέφυκεν

61 3468 267 3595 ἐυᾱτειιείνᾩέεί.
331 3481 363 3529 21
383 3472 526 3544 ἀνδράσιν
542 3474 612 3544 VM]
633 3472 756 3544 άνδράσι
820 3481 852 3528 22
870 3472 906 3529 τά
925 3483 988 3527 ante
1007 3493 1079 3542 προς

62 3560 80 3595 a
97 3543 167 3607 jecit
220 3550 272 3611 ytt.

114 3646 220 3688 ιιιιιιιιιιι
232 3648 252 3689 1.
849 3634 864 3681 2
