2370 3908
123 184 187 247 242
426 183 570 237 IULIANI
591 182 837 234 IMPERATORIS

123 320 205 391 λεως
233 308 471 398 άπεληλάκασι,
503 307 627 399 λουτρά
660 309 804 397 δημόσια
832 310 888 378 καὶ
914 325 1136 398 χαμαιτυπεῖα

123 419 178 484 καὶ
206 425 367 504 καπηλεῖα
394 418 449 485 καὶ
468 416 577 485 πάντα
605 412 716 496 ἁπλοῖς
733 414 774 484 τά
792 419 942 485 τοιαῦτα·
971 413 1042 484 εἶτα
1061 401 1137 504 άχρι

122 522 246 591 τοότου
273 523 447 610 γενόμενοι
462 533 553 592 Ιελσω
572 520 616 610 μὴ
644 525 813 611 παριᾶσιν.
855 519 955 611 ὁμὲν
973 520 1039 611 γάρ
1066 537 1137 604 τοῖς

72 629 292 710 ιειτοιοάτοις
315 628 473 716 ἐντυχών,
501 627 572 698 εἶτα
594 631 693 697 τοῦτο
718 630 848 716 οἰηθεὶς
875 627 960 698 εἶναι
987 627 1051 716 τὴν
1077 629 1136 699 πό-

122 744 177 803 λιν
204 733 322 816 άθλιος
349 735 410 823 μὲν
437 733 635 823 ἀποφυγών,
664 731 866 824 ἀθλιώτερος
884 735 922 804 δὲ
948 734 1037 804 κάτω
1066 743 1162 823 μα’-ε

122 870 198 928 νας,
239 839 314 923 ἐξὸν
355 838 546 931 ὑπερβάντα
582 839 703 930 μικρὸν
740 847 825 910 ἰθεῖν
860 839 921 910 τὸν
957 841 1135 930 Σωκράτη·

122 949 286 1037 χρήσομαι
313 946 377 1038 γάρ
405 951 544 1029 ἐκείνοις
570 941 635 1034 ἐγω
667 961 737 1028 τοῖς
764 947 923 1036 ῥήμασιν,
956 941 1007 1028 οἷς
1031 945 1137 1017 Ἀλκι-

123 1055 243 1142 βιάθης
271 1056 418 1122 ἐπαινῶν
445 1053 618 1142 Σωκράτη.
665 1056 750 1141 φημὶ
778 1053 842 1143 γὰρ
870 1051 912 1142 δὴ
939 1049 1002 1142 την
1030 1061 1137 1123 Κυνι-

122 1158 186 1246 κὴν
214 1166 423 1246 φιλοσοφίαν
442 1155 642 1247 ὁμοιοτάτην
660 1158 746 1229 εἶναι
773 1174 843 1240 τοῖς
862 1169 1040 1248 Σειληνοῖς
1058 1161 1136 1229 τού-

121 1292 190 1346 τοις
218 1280 287 1345 τοῖς
305 1268 342 1334 ἐν
368 1279 439 1346 τοῖς
458 1267 712 1355 ἕρμογλυφείοις
738 1263 952 1354 καθημένοις,
978 1263 1136 1348 οὕστινας
1151 1291 1175 1332 ιι

122 1371 314 1460 ἐργάζονται
342 1376 377 1440 ολ
402 1373 603 1460 δημιουργοὶ
622 1371 783 1461 σύριγγας
800 1367 821 1461 ἢ
841 1369 967 1452 αὐλοὺς
986 1378 1137 1460 ἔχοντας·

81 1481 159 1546 Βολ
184 1476 221 1545 δὲ
249 1478 454 1564 θιοιχθέντες
480 1483 582 1546 ἔνθου
609 1483 789 1565 φαίνονται
808 1475 979 1567 ἀγάλματα
1006 1484 1139 1567 ἔχοντες

120 1586 221 1651 θεάν.
268 1579 312 1663 ως
344 1579 386 1652 άν
419 1575 482 1652 οὖν
519 1583 562 1672 μὴ
599 1584 754 1653 τοιοῦτόν
790 1611 821 1652 τι
858 1585 1035 1674 πάθωμεν,
1073 1583 1138 1656 ὅσα

121 1689 232 1769 ἔπαιξε
262 1692 366 1757 ταῦτα
403 1686 509 1759 αὐτὸν
541 1692 782 1759 ἐσπουδακέναι
819 1697 1028 1779 νομίσαντες·
1066 1698 1137 1761 ἔστι

121 1794 182 1882 μὲν
209 1795 273 1884 γάρ
300 1822 331 1863 τι
360 1797 416 1864 καὶ
444 1798 481 1864 έν
514 1799 653 1878 ἐκείνοις
685 1794 747 1866 οὐκ
775 1795 955 1887 ἄχρηστον,
984 1794 1002 1867 ὁ
1031 1806 1138 1868 Κνυι-
1152 1820 1176 1866 ιι

121 1899 204 1988 σμὸς
231 1903 271 1970 δέ
295 1904 386 1970 ἐστιν
404 1904 527 1991 ἕτερον,
557 1899 601 1984 ὡς
628 1900 746 1972 αὐτίκα
773 1904 861 1992 μάλα
889 1905 995 1985 δεῖξαι
1021 1906 1137 1994 πειρά-

121 2026 233 2095 σομαι·
263 2011 364 2097 δεῦρο
393 2015 519 2097 ῖθωμεν
547 2010 665 2098 ἐφεξῆς
687 2007 751 2079 άπὸ
779 2013 848 2078 των
875 2015 994 2100 ἔργων,
1024 2009 1137 2102 ὥσπερ

121 2118 159 2181 αῖ
186 2114 415 2202 ἑξιχνεόονσαι
441 2115 541 2196 κύνες
567 2118 767 2202 μεταθέουσι
794 2114 835 2184 τὰ
861 2121 974 2205 θηρία.

197 2216 361 2309 Ἡγεμόνα
392 2221 454 2310 μὲν
486 2212 588 2311 (οὖν)
622 2219 664 2290 οὐ
696 2222 816 2314 ῥᾴδιον
847 2218 975 2312 εὑρεῖν,
1008 2220 1062 2310 ἐφ’
1094 2220 1138 2293 όν

83 2322 297 2412 Οάνενέγκαι
324 2325 386 2416 χρὴ
413 2331 548 2417 πρῶτον
571 2325 665 2414 αὐτό,
693 2335 724 2397 εἰ
749 2334 809 2397 καί
832 2354 919 2409 τινες
940 2324 1138 2418 ὑπολαμβά-
1152 2357 1177 2398 ω

121 2453 243 2501 νουσιν
278 2431 482 2504 Ἀντισθένει
521 2436 621 2503 τοῦτο
658 2436 712 2503 καλ
752 2436 908 2521 Διογένει
944 2435 1138 2524 προσήκειν.

121 2540 221 2606 τοῦτο
253 2542 340 2625 γοῦν
368 2544 476 2608 ἔοικεν
506 2540 674 2629 Οἰνόμαος
706 2537 768 2609 οὐκ
795 2537 926 2622 ἀτόπως
952 2543 1075 2627 λέγειν·
1100 2539 1140 2611 ‘0

120 2643 293 2731 Κυνισμὸς
311 2642 389 2713 οὔτε
413 2642 683 2733 Ἀντισθενισμός
701 2649 791 2715 ἐστιν
810 2645 886 2716 οὕτε
903 2649 1138 2737 Διογενισμός.

120 2750 256 2835 λέγουσι
284 2750 345 2838 μὲν
372 2749 437 2840 γάρ
457 2755 492 2820 οἱ
516 2753 743 2842 γενναιότεροι
760 2755 829 2822 τῶν
855 2757 979 2841 κυνῶν,
1008 2751 1061 2824 ὅτι
1079 2757 1138 2824 καὶ

121 2851 139 2923 ὁ
172 2857 273 2943 μέγας
300 2853 478 2946 Ἡρακλῆς,
511 2855 622 2948 ὥσπερ
655 2850 719 2928 οὖν
750 2863 819 2929 τῶν
849 2857 960 2930 άλλωυ
992 2857 1138 2946 ἀγαθῶν
1151 2885 1175 2929 ω

121 2957 201 3048 ἡμῖν
232 2990 282 3044 τις
314 2973 420 3046 αῖτιος
451 2966 605 3052 κατέστη,
639 2963 726 3034 οὕτω
759 2966 797 3035 δὲ
828 2967 885 3036 καὶ
917 2966 1040 3037 τούτου
1072 2953 1137 3038 τότ’
1179 2987 1181 2991 ’

204 3205 389 3280 3γενόμενοι
406 3212 488 3283 Rak]
515 3211 683 3282 γενομένοις
714 3214 720 3283 λ
752 3215 818 3270 εἴσω
839 3213 879 3284 μὴ
896 3213 1037 3284 παριᾶσιν
1056 3218 1137 3287 Rsk.]

119 3279 187 3363 εζσω
206 3275 239 3333 δὲ
248 3273 299 3400 μη
315 3280 470 3360 παριοῦσιν
540 3273 759 3367 λἈλκιριάδης]
778 3285 851 3336 Plat.
870 3283 962 3351 Symp.
981 3287 1032 3337 21⁶
1077 3290 1138 3367 ‘12

118 3364 148 3399 οι
167 3341 213 3416 δὲ]
234 3364 262 3400 οι
301 3349 386 3416 τχαθε
404 3350 491 3413 ΡΙοι.,
515 3349 587 3416 quod
604 3352 713 3404 Iuhano
735 3367 842 3418 quoque
865 3352 1035 3404 reddendum
1057 3354 1138 3406 vulo-

117 3422 165 3467 tur
221 3419 253 3467 14
270 3410 362 3468 αὐτὸν
378 3415 452 3484 Pet]
473 3408 564 3470 αὐτοῦ
633 3421 664 3471 17
684 3417 792 3536 ῖθωρζεν
811 3416 849 3487 Η]
871 3416 969 3486 ἴωμεν.
1000 3421 1036 3471 οῖ.
1055 3417 1137 3475 ἰδεῖν
1178 3432 1181 3453 ¹

119 3484 206 3534 2361)
233 3490 261 3536 et
288 3476 396 3552 ἐφεξῆς
422 3489 541 3538 σκοπεῖν
568 3475 652 3537 Ϊ43Β
679 3489 729 3538 216
851 3490 882 3538 19
905 3474 959 3540 οὖν
980 3487 1043 3543 add.
1064 3489 1135 3544 nuk.

117 3553 151 3603 23
169 3543 247 3603 ἔστιν
264 3550 302 3619 Η]
320 3545 380 3605 ἐστι
