2370 3908
470 149 606 203 ossfflo
624 152 662 202 11.
1013 151 1074 217 125

56 307 137 369 μης,
169 276 232 368 τὴν
264 305 344 367 μετα
375 277 500 347 τούτου
528 277 565 347 δὲ
593 274 668 347 άντλ
699 281 768 346 των
795 279 965 366 φιλτάτων
989 283 1074 349 ’συν-

55 392 180 455 ουσίαν
207 382 414 472 ἠσπάσαντο,
442 392 496 472 ίλη
515 412 548 453 τε
567 387 635 452 τῶν
664 387 842 454 ἐπιλέκτων
867 389 993 454 ίππέων
1013 385 1073 467 ξὺν

55 507 128 573 τοῖς
156 497 305 580 σημείοις
332 493 387 559 καὶ
415 489 475 561 τὸν
504 489 690 580 στρατηγὸν
718 489 848 578 άγονσα
875 493 983 583 τούτῳ
1011 496 1072 562 τοῦ

53 597 222 668 κινδύνου
251 599 460 686 ξυμμετέχειν
488 599 615 685 μάλλον
642 593 662 685 ἢ
689 595 801 690 ’κείνω
834 601 892 685 τῆς
919 596 1073 686 εὐτυχίας

27 702 162 793 τήξίου.
207 705 263 773 καὶ
291 707 394 772 ταῦτα
421 701 553 772 άπαντα
572 706 690 793 ἐδρᾶτο
709 702 774 793 πρὸ
802 708 861 792 τῆς
887 704 1002 793 μάχης,
1030 701 1073 792 ἣν

55 813 108 880 ἐπὶ
136 813 198 880 τοῦ
225 810 346 899 Λράου
378 825 451 891 ταῖς
482 807 581 899 ᾐόσιν
614 807 632 878 ό
660 811 812 898 πρόσθεν
844 811 942 897 λόγος
973 813 1072 897 παρέ-

55 937 186 1006 στησεν.
234 919 393 986 ἐντεῦθεν
421 914 484 1005 γάρ
512 915 577 1004 ἤδη
606 922 750 1004 βεβαίως
778 917 965 1005 ἐθάρρουν,
993 918 1074 997 τέως

55 1021 89 1093 δ’
125 1023 234 1093 ε’δόκει
266 1022 306 1091 τά
338 1026 406 1091 τῶν
437 1023 614 1112 τυράννων
642 1025 845 1111 ἐπικρατεῖν,
877 1023 1072 1110 πλεονεκτή-

55 1129 158 1218 ματός
195 1157 286 1210 τινος
323 1130 398 1217 περὶ
430 1127 510 1210 τοὺς
546 1128 777 1210 κατασκόπους
813 1132 875 1198 τοῦ
913 1131 1117 1216 βασιλέωςΙ)

19 1261 43 1301 ιο
57 1237 253 1324 γενομένου,
282 1231 301 1303 δ
330 1233 372 1323 δὴ
398 1233 523 1304 ’κεῖνόν
550 1263 585 1304 τε
604 1237 759 1324 ἐποίησεν
777 1232 843 1305 ὑπὸ
871 1239 929 1323 τῆς
947 1230 1074 1323 ἡδονῆς

56 1341 193 1431 ἄφρονα
215 1342 277 1410 καὶ
306 1342 493 1432 ἐξετάραττε
520 1341 599 1422 τοὺς
618 1339 660 1410 ού
690 1343 901 1431 δυναμένους
930 1344 1073 1429 ἐφικνεῖ-

56 1459 141 1518 σθαι
169 1445 249 1518 οὐδὲ
277 1451 398 1537 διορᾶν
424 1446 488 1536 τὴν
516 1455 728 1537 στρατηγίαν.
774 1445 789 1517 ἱ
822 1448 858 1517 δέ
885 1439 929 1535 ἦν
953 1445 1073 1516 άκατά-

56 1563 201 1643 πληκτος
227 1556 283 1623 καὶ
303 1554 468 1641 γεννάδας
485 1555 638 1644 καθάπερ
658 1552 789 1641 άγαθὸς
807 1553 892 1635 νεὼς
910 1554 1073 1642 κυβερνή-

56 1688 125 1750 της,
154 1663 308 1747 ἐξαπίνης
327 1664 443 1748 νεφῶν
462 1663 618 1749 ῥαγείσης
636 1668 806 1748 λαίλαπος,
826 1659 896 1730 εἶτα
916 1658 966 1729 ἐπ’
989 1657 1072 1750 αὐτῇ

21 1771 119 1837 υτοῦ
146 1771 233 1836 θεοῦ
252 1775 403 1863 σείοντος
417 1765 477 1836 τὸν
496 1768 609 1855 βυθὸν
628 1769 683 1836 καὶ
702 1765 760 1848 τάς
778 1765 892 1858 ᾐόνας.
924 1769 1073 1835 ἐνταῦθα

57 1873 122 1962 γάρ
149 1870 229 1955 τοὺς
256 1873 317 1961 μὲν
344 1870 503 1962 άπείρους
536 1873 651 1943 δεινὸν
678 1875 733 1942 καὶ
762 1872 888 1943 άτοπον
915 1875 1074 1960 κατέλαβε

57 1983 144 2066 δέος,
173 1976 190 2048 δ
220 1979 257 2048 δὲ
284 1977 349 2068 ἤδη
377 1986 483 2069 χαίρει
510 1982 565 2049 καὶ
594 1980 747 2081 γάνυται,
774 1980 925 2069 γαλήνην
953 1977 1073 2068 άκριβῆ
1093 1999 1127 2048 98

57 2088 114 2156 καί
141 2092 303 2175 νηνεμίαν
331 2089 479 2168 ἐλπίζων.
526 2088 653 2172 λέγεται
678 2085 741 2178 γάρ
771 2085 811 2175 δὴ
831 2088 886 2156 καὶ
916 2082 1073 2155 ὁΠοσει-

57 2196 130 2263 δῶν
163 2191 399 2281 συνταράττων
430 2191 492 2281 τὴν
520 2196 585 2281 γῆν
617 2193 739 2262 παύειν
771 2192 811 2262 τά
839 2193 977 2280 κύματα.
1018 2193 1074 2260 καὶ

18 2295 78 2387 m}
107 2298 191 2387 τύχη
220 2297 257 2368 δὲ
285 2297 364 2379 τοὺς
392 2295 558 2386 ἀνοήτους
582 2301 725 2390 ἐξαπατᾷ
753 2302 808 2368 καὶ
837 2299 975 2386 σφάλλει
999 2299 1074 2384 περὶ

56 2420 128 2486 τοῖς
169 2412 307 2492 μείζοσι,
349 2402 449 2496 μικρά
485 2414 695 2475 πλεονεκτεῖν
731 2407 967 2494 ἐπιτρέπουσα,
1004 2419 1075 2484 τοῖς

57 2518 204 2602 ἐμφροσι
233 2511 269 2580 δέ
298 2509 334 2580 τὸ
358 2517 502 2599 βεβαίως
525 2523 668 2601 θαρσεῖν
695 2508 779 2601 ὑπὲρ
808 2515 876 2580 των
903 2509 1074 2599 μειζόνων,

58 2616 143 2687 ὅταν
171 2620 207 2686 ἐν
233 2633 304 2699 τοῖς
332 2617 504 2687 ἐλάττοσιν
532 2615 656 2699 αὐτοὺς
684 2617 899 2707 διαταράττῃ,
931 2617 1074 2705 παρέχει.

56 2727 159 2794 τοῦτο
187 2724 450 2812 Λακεδαιμόνιοι
482 2725 649 2806 παθόντες
677 2727 714 2793 έν
742 2724 872 2805 Πύλαις
901 2720 963 2791 ούκ
991 2720 1073 2810 άπη-

17 2831 207 2921 τογόρευον
249 2827 330 2898 οὐδὲ
376 2836 509 2900 ἐδεισαν
549 2830 608 2899 τὸν
649 2834 774 2919 Μῆδον
820 2829 1114 2918 ἐπιφερόμενον,Β

147 3053 342 3106 1ουνονοίαν
349 3055 426 3174 ἐΡοῖ.
448 3057 477 3104 in
500 3055 542 3106 ed
566 3052 604 3134 fl.]
629 3052 779 3106 συνοικίαν
848 3057 863 3104 2
888 3046 941 3116 ξυν
964 3050 998 3118 V]
1023 3047 1076 3102 οὐν

56 3126 75 3175 4
89 3111 119 3202 ἢ
136 3115 233 3173 ’κείνω
251 3110 328 3186 ῖ]”
309 3140 342 3200 η
349 3115 449 3189 ἐκείνῳ
519 3125 534 3173 6
557 3114 654 3189 ᾐόσιν]
679 3115 776 3187 ἠῖόσιν
847 3125 862 3172 9
883 3117 973 3199 τιγος]
998 3136 1076 3178 τινος

58 3181 162 3248 αὐτοῖς
179 3190 248 3241 ΒεΙς.
269 3181 361 3269 Ιτούς
380 3174 516 3256 βαόιλέως
536 3191 570 3240 Η.
601 3191 657 3241 vid.
677 3191 711 3239 ad
730 3189 797 3240 55ss
868 3190 900 3238 10
913 3178 1075 3248 ’κεῖνόνν,

57 3260 160 3311 κεινον
178 3259 219 3320 Μ,
244 3249 358 3309 ἐκεῖνόν
382 3277 400 3308 v
426 3269 430 3310 ι
458 3251 593 3341 ἐποιήσεν
611 3255 680 3322 VM]
708 3249 824 3322 ἐποίησε
895 3258 924 3304 11
946 3223 1076 3335 ἔμφρονά

59 3327 120 3376 VM
145 3323 150 3390 Ι
177 3298 346 3404 ἕξετάραττε
364 3325 400 3391 V]
422 3319 575 3406 ἐξετάραξε
644 3327 679 3375 14
686 3319 853 3411 ἐξαπίνης
852 3323 902 3373 Ρο
891 3321 925 3390 1.]
945 3315 1011 3386 ἐξ’
993 3337 1076 3373 απει-

59 3393 113 3461 λῆς
139 3390 144 3458 Ι
171 3383 217 3444 ἐπ’
239 3392 314 3474 αυτῆ
332 3389 368 3459 V]
393 3386 439 3445 ἐπ’
461 3387 552 3444 αύτου
624 3395 656 3443 15
679 3382 779 3459 ᾐόνας]
803 3399 906 3457 ηῖονας
976 3393 1007 3441 17
1025 3405 1076 3454 γα

58 3477 146 3514 κειται
164 3459 201 3540 H]
226 3457 368 3526 γάνννται
437 3465 469 3512 22
493 3452 524 3510 τὸ
550 3456 673 3541 βεβαίως
695 3456 775 3526 Rsk.]
798 3409 922 3526 βεβαίως
941 3449 972 3508 τὸ
1043 3459 1077 3507 23

60 3523 253 3595 διαταράττῃ,
271 3525 391 3596 παρέχει
409 3528 447 3596 Μ]
469 3523 671 3594 διαταράττειν
689 3523 800 3593 παρέχη
