2392 3960
232 165 436 218 EPISTOLAE
457 163 523 234 [τε]
543 164 688 231 (ιιΗεςι.)
708 168 749 222 ιε.
768 166 812 231 (83
822 165 914 232 Heyl.)
1018 166 1082 231 599

63 329 155 390 ματα
178 299 373 389 ἀναστῆσαι,
397 300 480 370 ὥστε
500 327 541 388 με
559 310 670 369 πείσαι
687 300 814 381 πάντας
832 309 934 369 είκειυ
952 307 1084 388 βασιλεῖ

57 407 235 495 Ῥωμαίων
260 408 316 474 καί
340 407 384 494 μὴ
408 405 658 496 ῦπεραίρεσῦαι.
703 407 740 475 τὸ
765 401 828 475 οὖν
851 409 1081 496 ἔξουομασθέυ

63 520 208 604 χρυσίου
239 514 273 594 ἔξ
302 511 452 600 ἀριθμοῦ
480 517 565 605 ζυγῷ
594 517 767 604 Καμπανῷ
795 521 999 605 πρυταυίσας
1025 516 1080 584 καὶ

64 619 289 709 διαμετρήσας
324 616 483 706 ἀσφαλῶς
517 619 752 701 ἔξωπόστειλόν
788 648 846 707 μοι
879 620 924 689 δι’
956 627 1082 692 οἰκείου

28 754 49 797 u
62 731 187 797 πιστοῦ
217 745 271 794 σοι
304 724 416 810 όντος,
454 730 618 816 δακτυλίῳ
650 728 695 817 τῷ
725 730 771 818 σῷ
800 729 1081 816 σφραγισάμενος,

62 833 150 903 ὥστε
181 858 221 919 με
248 831 465 917 ἐπεγνωκότι,
497 827 562 899 κάν
591 830 657 913 όψέ
680 856 774 918 ποτε,
806 839 868 903 τοῦ
894 840 1015 922 καιροῦ
1042 836 1079 905 τὸ

62 936 291 1026 ἀπαραίτητον
309 937 459 1025 γαληνόν
477 957 530 1006 σοι
550 940 710 1024 γενέσθαι
728 940 858 1027 περὶτὰ
872 943 1081 1030 ἐπταισμένα.

63 1043 86 1114 ἃ
108 1046 174 1133 γὰρ
197 1042 365 1132 άνίγυων,
389 1048 498 1129 ἔγνων
520 1044 576 1111 καὶ
598 1045 778 1131 κατέγνων.

296 1220 352 1294 03¹.
398 1218 610 1312 Εῦσταθίφ
634 1221 853 1316 φιλοσόφῳ.
1088 1246 1127 1290 150

11 1388 49 1433 ιο
154 1363 215 1450 Μὴ
248 1368 326 1431 λίαν
356 1355 378 1451 ᾖ
405 1361 524 1430 κοινὸν
550 1361 588 1430 τὸ
616 1367 797 1451 προοίμιον
828 1365 905 1435 Τὸν
933 1366 1082 1436 ἐσθλὸν

62 1469 201 1558 άνδρα.
245 1468 285 1537 τά
323 1469 361 1538 δὲ
397 1470 514 1556 ἐφεξῆς
542 1467 648 1538 οἶσθα
681 1470 866 1557 δήπουθεν.
912 1471 995 1543 άλλόι
1025 1478 1081 1545 καί

63 1583 157 1665 ἔχεις.
203 1576 305 1646 οἶσθα
334 1576 396 1664 μὲν
422 1574 486 1663 γὰρ
514 1575 571 1644 ἅτε
598 1577 712 1664 λόγιος
738 1574 788 1646 άν
813 1580 869 1647 καὶ
895 1580 1082 1669 φιλόσοφος

62 1683 100 1752 τὸ
135 1683 298 1770 ἑπόμενον
331 1678 437 1773 αὐτῷ,
474 1681 531 1767 ἐμὲ
563 1682 600 1750 δὲ
632 1687 717 1769 ἔχεις
746 1690 862 1770 φίλον,
894 1694 985 1774 εἴπερ
1018 1682 1082 1756 οῦν

63 1788 165 1877 άμφω
198 1792 320 1858 ἐσθλοί
345 1790 452 1875 ἔσμεν.
497 1786 581 1875 ὑπὲρ
609 1787 673 1875 γάρ
702 1792 765 1856 σοῦ
791 1793 890 1858 τοῦτο
917 1786 982 1859 κάν
1010 1797 1082 1861 διοι-

13 1919 48 1964 ιι
61 1901 253 1984 τειναίμην,
286 1893 337 1964 ότι
363 1896 515 1973 τοιοῦτος
542 1891 586 1979 εί,
618 1896 694 1981 περὶ
722 1894 759 1963 δὲ
783 1896 929 1981 ἐμαυτοῦ
952 1905 1081 1968 σιωπῶ·

62 2004 195 2091 γίνοιτο
225 2000 263 2069 δὲ
289 1998 368 2077 τοὺς
395 1998 519 2079 ἄλλους
546 2003 708 2069 αίθέσθαι
730 2001 786 2068 καὶ
810 2002 893 2087 ἐμοῦ
914 2003 1080 2074 τοιοῦτον.

62 2115 98 2177 τί
124 2102 187 2176 οῦν
214 2107 324 2195 ω”σπερ
353 2103 480 2174 άτοπόν
507 2130 538 2173 τι
566 2107 674 2193 λέγων
701 2106 811 2199 κύκλῳ
833 2113 977 2197 περίειμι
1001 2115 1081 2182 ὃέον

62 2222 185 2294 elusum
199 2205 257 2300 ἧκε
271 2213 327 2280 καὶ
341 2216 463 2279 σπεῦδε
476 2218 543 2297 καί,
557 2210 801 2300 τὸλεγόμενον,
815 2217 943 2284 ίπτασο.
960 2218 1082 2306 πορεῦ-

133 2381 147 2428 1
167 2392 202 2441 με
220 2378 319 2427 πεῖσαι
337 2391 389 2428 om.
408 2391 441 2425 xz
466 2371 470 2438 Ι
494 2361 578 2439 ἥκειν
595 2391 629 2424 xz
698 2364 958 2444 λῦπεραίρεσθαι]
978 2374 1080 2432 άνταί-

63 2445 171 2511 ρισθοιι
188 2459 220 2507 x,
240 2436 414 2505 άντέρεσθοιι
434 2448 468 2501 z!
492 2435 752 2508 κατουομασθὶνγ
820 2435 1081 2514 3ἔξαριθμοζυγο-

63 2509 375 2578 καμπανοιρυτανίσας
407 2510 462 2572 Gy,
501 2501 955 2576 ἔξαριθμοκοιμπανοτρυτανίσας
982 2531 1013 2578 x,
1050 2511 1080 2581 ἐξ

62 2570 194 2645 άριθμοῦ
213 2571 597 2646 ζυγοκαμποινοτρυγανήοας
621 2593 635 2625 z
726 2579 743 2628 4
766 2568 956 2641 ἔξαπόστελλε
974 2599 1004 2647 x,
1036 2575 1081 2647 ἔξ-

63 2641 232 2699 απόστειλαι
242 2664 269 2711 y,
289 2638 483 2719 άπόστειλονμ
500 2641 504 2709 Ι
519 2659 568 2707 μοι
577 2641 604 2712 ιι]
619 2658 679 2709 μοι,
697 2639 1039 2723 είΙσυνείόῃςωυνείσεις
1051 2649 1080 2716 y)

63 2718 79 2767 5
96 2713 201 2766 πιστοῦ
220 2709 279 2779 σοι]
298 2709 403 2763 πιστοῦ
421 2727 472 2764 σου
484 2727 534 2776 xy,
560 2725 611 2763 σου
629 2704 789 2777 ἄνθρωπον
805 2713 937 2766 πιστοῦτ
953 2716 957 2780 Ι
974 2715 1080 2771 δακτυ-

63 2780 149 2851 λιὸίφ
168 2799 200 2843 x,
237 2771 659 2847 δακτυλίῳ-σφραγισάμενος
688 2795 773 2834 om.z
860 2784 875 2832 6
902 2797 937 2846 με
960 2800 1011 2839 om.
1031 2784 1078 2850 G}

63 2841 252 2915 ἒπεγνωκότι,
289 2853 321 2898 ut
348 2847 497 2898 voluerunt
524 2847 708 2910 Benedictini,
743 2847 854 2915 Heyler]
889 2843 1080 2916 ἔπεγνωκόιοι.

63 2919 159 2981 „Foru
179 2905 365 2980 ἀπεγνωκότα
385 2916 520 2965 eiurata
538 2916 732 2965 severitate
750 2915 894 2966 inflexibili
911 2923 938 2967 et
955 2921 1079 2970 inexora-

62 2984 122 3036 bili.
158 2978 388 3063 ἀπογιγνώσκειν
411 2987 467 3033 tum
483 2983 536 3032 erit
553 2981 723 3046 expellere
742 2984 867 3048 animo,
895 2985 1080 3038 abiicere“.

62 3053 131 3104 Rek.
201 3054 217 3101 8
236 3041 254 3101 ἃ
273 3042 519 3116 γάρ-κατέγνων
538 3066 589 3100 om.
608 3049 670 3114 ny
688 3048 785 3112 (habet
802 3050 829 3115 ι)
890 3054 906 3102 9
925 3051 1082 3120 Sequuntur

63 3121 94 3170 iu
115 3115 276 3182 heylerianu
298 3118 416 3184 quinque
434 3117 500 3168 illae
520 3117 655 3183 epistolae
676 3117 859 3183 (nr.‘18-82)
880 3118 981 3172 Isidori
998 3120 1080 3173 Pelu-

64 3187 169 3249 siotae,
198 3186 231 3236 de
250 3186 348 3253 quibus
366 3185 423 3235 vid.
443 3185 533 3235 Praef.
551 3184 653 3238 v01.1.
672 3200 700 3250 p.
718 3185 765 3236 VI.
797 3183 803 3250 Ι
833 3186 916 3237 Hane
933 3189 1078 3253 epistolum

63 3255 168 3320 primus
186 3254 272 3305 edidit
290 3252 393 3317 Heyler
411 3269 444 3303 ex
461 3253 596 3304 Vaticano
616 3254 682 3304 1353
743 3255 775 3305 10
792 3246 843 3304 τόν
861 3254 1025 3306 Eustathius
1043 3256 1078 3306 ad

62 3321 143 3374 Iliad.
161 3336 186 3386 p.
205 3324 282 3384 800‚9
301 3321 343 3371 ed.
362 3321 439 3371 Rom.
458 3319 504 3382 (cf.
523 3320 648 3385 Sophoel.
667 3320 745 3371 Δίιο.
764 3318 854 3388 mm]
873 3313 906 3373 τό
948 3325 979 3374 13
997 3328 1026 3373 et
1045 3325 1078 3374 14

63 3377 117 3440 σῦν
137 3380 156 3440 ά
179 3386 236 3468 φο]
254 3383 395 3454 συνάμφω
413 3388 511 3451 Hreh.‚
528 3388 600 3453 γοῦν
618 3376 706 3453 άμφω
724 3388 751 3438 Η
797 3389 830 3458 14
848 3386 900 3439 σοῦ
920 3388 1005 3441 τοῦτο
1024 3380 1081 3440 κάν

63 3405 236 3588 ῗέιξολιέσου
255 3453 340 3507 τοῦτο
359 3444 396 3508 άν
413 3457 455 3519 Η,
479 3451 603 3507 σεαυτοῦ
622 3445 674 3508 οῦκ
694 3445 730 3505 άν
747 3473 766 3506 v
810 3458 842 3507 17
860 3451 962 3525 λόγων]
983 3456 1097 3509 Malim.

116 3542 156 3575 ων
