2392 3960
472 145 606 196 oRfflo
626 146 687 199 vn.
1014 146 1077 210 305

58 277 128 343 τῶν
155 276 268 342 καλῶν
295 279 442 360 νομίζειν
469 268 634 360 ἡγεμόνας
652 276 837 343 ἐδίδασκεν.
879 279 911 341 ει’
932 273 994 362 μὲν
1013 266 1077 345 οὖν

58 410 92 450 τι
124 377 299 468 προύργου
335 385 528 466 πεποίηκεν,
566 377 667 460 αὐτὸς
699 375 743 447 ἀν
779 386 881 467 εἰδείη
920 381 975 448 καὶ
1011 380 1076 468 πρὸ

59 488 185 556 τούτου
226 512 263 571 γε
301 489 336 553 οί
374 492 521 571 βασιλεῖς
560 492 650 554 θεοί
691 487 782 554 τουτὶ
820 485 858 555 δὲ
895 487 1001 576 ἐξῄρει
1038 487 1075 557 τὸ
1175 535 1176 538 =

60 596 227 681 μανιῶδες
254 592 309 658 καλ
328 591 453 678 θρασύ,
481 592 536 660 καὶ
556 593 708 682 ἐπειρᾶτό
736 619 776 680 με
794 607 903 661 ποιεῖν
930 597 1078 681 ἐμαυτοῦ

30 699 347 788 εσωφρονέστερον.
393 696 457 784 ἐγῶ
486 697 522 765 δὲ
540 703 668 785 καίπερ,
697 694 742 779 ῶς
761 696 874 784 οἶσθα,
901 714 971 780 τοῖς
999 703 1077 781 ἔξω·

59 818 127 874 θεν
154 803 435 892 πλεονεκτήμασιν
454 805 677 893 ἐπτερωμένος
696 798 841 885 ὑπέταξα
860 802 949 893 ὅμως
977 807 1077 893 ε’μαν-

59 897 122 980 τὸν
162 914 208 1002 τῶ
249 910 457 997 καθηγεμόνι
498 912 553 979 καὶ
590 926 660 991 τοῖς
700 913 832 979 ἐκείνου
869 918 980 998 φίλοις
1020 914 1116 984 καὶῦ

59 1015 252 1106 ἡλικιώταις
279 1016 335 1084 καὶ
355 1031 606 1104 σνμφοιτηταῖς,
633 1019 688 1085 καλ
710 1008 758 1085 ῶν
776 1015 904 1104 ἡκουον
923 1019 1078 1087 ἐπαινου-
1152 1072 1154 1077 -

60 1125 174 1213 μένων
200 1119 279 1209 παρ’
311 1119 427 1208 αὐτοῦ,
455 1122 585 1191 τούτων
604 1128 769 1192 ἔσπευδον
788 1121 953 1212 ἀκροατὴς
981 1122 1078 1211 εἶναι,

15 1257 47 1296 ιο
61 1233 119 1300 καὶ
147 1235 261 1317 βιβλία
288 1231 392 1296 ταῦτα
420 1225 685 1315 ἀνεγίγνωσκον,
719 1225 827 1299 ὁπόσα
845 1227 960 1311 αὐτὸς
988 1236 1078 1300 δοκι-

61 1336 206 1426 μάσειεν.
240 1333 347 1415 οὕτως
374 1330 468 1423 ἡμεῖς
494 1331 557 1422 ὑφ’
587 1332 724 1424 ἡγεμόσι
752 1336 956 1423 τελούμενοι,
983 1327 1100 1424 φιλοὲ

62 1443 160 1534 σόφω
202 1441 263 1527 μὲν
303 1445 348 1531 τῷ
389 1439 430 1508 τά
465 1444 523 1528 της
563 1447 782 1531 προπαιδείας
818 1469 857 1528 με
898 1443 1078 1530 τελέσαντι,
1168 1496 1170 1505 .

62 1535 328 1637 φιλοσοφωτάτην
367 1547 403 1615 δὲ
435 1550 480 1638 τῷ
518 1546 558 1616 τά
594 1550 754 1636 πρόθυρα
785 1552 844 1635 της
875 1556 1080 1636 φιλοσοφίας

64 1661 225 1740 δείξαντι,
263 1651 383 1740 σμικρὰ
419 1653 481 1740 μὲν
518 1652 573 1721 διά
609 1654 667 1735 τάς
704 1657 830 1736 ἔξωθεν
862 1650 943 1742 ἡμῖν
977 1676 1079 1743 προσ-

20 1786 50 1827 ιε
64 1761 232 1841 πεσούσας
264 1757 435 1846 ἀσχολίας,
473 1756 562 1845 ὅμως
594 1758 625 1829 δ’
661 1752 724 1833 οὖν
756 1758 990 1848 ἀπελαύσαμεν
1020 1764 1080 1849 τῆς
1097 1779 1128 1832 D-

49 1865 173 1955 ,όρθὴς
201 1864 348 1954 ἀγωγῆς,
377 1863 419 1934 ού
446 1864 507 1953 τὴν
536 1866 719 1954 σύντομον,
747 1863 790 1955 ἡν
818 1864 862 1935 σὺ
888 1868 969 1955 φής,
997 1864 1080 1936 ἀλλά

65 1971 128 2100 τὴν
159 1974 271 2102 κύκλρι
304 1973 539 2060 πορευθέντες·
572 1979 679 2041 καίτοι
711 1970 753 2060 νὴ
785 1971 865 2053 τοὺς
890 1972 994 2053 θεοὺς
1025 1976 1080 2042 ἐπὶ

23 2078 128 2166 τὴν
156 2076 279 2168 ἀρετὴν
307 2075 447 2166 οἶμαι“
428 2106 479 2146 οτι
507 2099 570 2147 σου
599 2080 854 2206 συντομωτέραν
882 2079 1080 2166 ἐτραπόμην.
1160 2123 1162 2127 -

66 2183 132 2272 ἐγῶ
160 2186 221 2273 μὲν
249 2183 312 2273 γάρ
341 2181 499 2271 αὐτῆς,ε
484 2182 585 2272 είμὴ
605 2183 769 2307 φορτικὸν
788 2190 903 2270 εἰπεῖν,
932 2187 984 2254 ἐπὶ
1011 2199 1082 2266 τοῖς
1135 2206 1137 2211 ’

26 2317 54 2357 νο
68 2293 256 2382 προθύροις
274 2295 405 2378 ἕστηκα,
425 2288 469 2358 σύ
487 2291 524 2360 δε
543 2293 598 2359 και
616 2294 685 2359 τῶν
702 2290 888 2399 προθύρων
906 2289 942 2360 εί
957 2291 1081 2380 πόρρω.

66 2400 122 2467 σοὶ
151 2398 188 2467 δὲ
216 2395 335 2485 ἀρετῆς
361 2391 381 2485 ἡ
409 2411 480 2477 τοῖς
507 2405 579 2477 σοῖς
606 2388 787 2484 ἀδελφοῖς
787 2423 854 2482 ’-,
881 2393 1016 2483 ἀφελῶν
1044 2397 1081 2465 δὲ

66 2503 105 2573 τὸ
134 2504 315 2592 δύσφημον
342 2500 379 2572 τό
409 2504 606 2592 λειπόμενον
638 2501 740 2584 αύτὸς
767 2500 1023 2592 ἀναπλήρωσον·
1052 2509 1084 2572 εί

68 2610 184 2698 βούλει
207 2613 255 2696 δέ,
282 2611 338 2679 καὶ
356 2606 436 2698 παρ’
466 2606 562 2698 ἡμῶν
586 2606 668 2678 αὐτὸ
688 2606 837 2697 ἀνάσγου
855 2609 969 2700 πρᾴως
989 2611 1081 2696 λεγό-
1133 2599 1135 2603 ,

68 2744 183 2806 μενον,
205 2757 250 2764 -
271 2723 322 2797 τίς
349 2722 522 2804 μετουσίας
549 2718 653 2784 πᾶσιν
681 2717 830 2806 ἐπιτιμᾷς
847 2712 949 2795 αὐτὸς
973 2713 1141 2789 αύδλνοεο

27 2847 55 2887 ιι
69 2822 166 2904 ἀξιον
194 2825 334 2892 ἐπαίνου
362 2823 527 2912 πράττων,
556 2823 700 2903 ἐπαινεῖς
718 2824 884 2911 φορτικῶς
908 2817 953 2901 ῶς
971 2820 1083 2903 οὐδεὶς

67 2933 138 2999 τῶν
165 2926 407 3016 ἀμαθεστάτων
435 2928 597 3018 ῥητόρων,
627 2923 677 3008 οἷς
704 2925 761 2996 διά
788 2925 851 3014 τὴν
878 2930 946 2995 τῶν
973 2928 1083 3014 λόγων

69 3035 216 3125 ἀπορίαν
248 3036 303 3104 καὶ
336 3033 373 3102 τὸ
406 3032 451 3122 μὴ
485 3041 573 3122 ἐχειν
601 3030 711 3124 εὑρεῖν
744 3036 780 3102 ἐκ
811 3036 879 3101 τῶν
906 3035 1083 3121 παρόντων

68 3141 135 3229 δ’,τι
169 3144 294 3228 φῶσιν,
326 3136 347 3228 ἡ
381 3144 493 3228 Δῆλος
525 3142 693 3228 ἐπέρχεται
730 3141 785 3209 καὶ
818 3135 838 3227 ἡ
872 3137 970 3227 Λητῶ
1003 3139 1083 3227 μετά

138 3379 253 3434 3τουτὶ
271 3380 309 3446 Η]
330 3378 429 3432 τουτοιΙ
496 3383 511 3432 6
530 3370 764 3458 ἀνεπτερωμένος
782 3380 850 3434 Gob.
907 3382 938 3429 15
956 3372 1083 3431 ἀπελαύ-

68 3450 162 3517 σαμεν
185 3449 254 3501 Rsk
274 3456 302 3500 et
291 3440 633 3567 Οολ).ἡ)ἀπηλαύσαμεν
718 3451 750 3498 21
775 3445 819 3498 σολ
838 3449 899 3500 Pet,
918 3445 1024 3513 spanh.]
1048 3442 1083 3500 σὺ

70 3521 169 3584 Vpet.
201 3523 206 3580 Ι
238 3508 347 3583 ἡ]ἣν
420 3517 586 3566 emosthenis
607 3516 683 3565 loeus
704 3518 743 3579 18,
764 3517 813 3566 128
831 3514 979 3579 respicitur

123 3617 263 3660 Iulianum.
837 3604 872 3652 20
