2392 3960
502 155 637 208 ORATIO
656 155 688 206 V.
1036 155 1098 219 227

83 282 169 354 αὐτὸ
199 286 367 372 πολλαχοῦ
394 285 549 370 καλοῦσι,
582 284 637 352 καὶ
666 282 805 372 φεύγειν
832 286 992 352 ἐντεῦθεν
1018 294 1138 357 πολ-0

82 394 191 479 λαχοῦ
218 390 507 480 παρακελεύονται.
547 393 682 479 πρῶτον
710 383 773 459 οὖν
800 387 820 479 ἡ
851 390 1016 477 ζωογόνος
1043 393 1098 459 καὶ

82 495 263 588 προμηθὴς
290 496 371 578 θεὸς
399 493 478 566 οὐδὲ
501 494 576 585 ἀχρι
604 500 662 585 τῆς
688 500 757 565 των
785 497 947 586 σωμάτων
973 501 1100 587 τροφης

84 606 250 694 ἐπιτρέπει
281 619 352 684 τοῖς
383 600 465 672 κατά
492 605 553 691 γης
585 605 762 691 δυομένοις
793 607 953 693 χρῆσθαι,
981 629 1099 693 παραι-

50 711 195 781 ῡνοῦσά
228 738 265 797 γε
297 708 380 799 πρὸς
409 709 470 779 τὸν
503 707 666 798 οὐρανόν,
699 712 826 797 μᾶλλον
859 710 896 778 δὲ
927 712 984 778 καὶ
1016 706 1100 799 ὑπὲρ

85 817 148 887 τὸν
168 815 325 906 οὐρανὸν
352 818 494 904 βλέπειν.
536 819 591 885 ἑνί
613 843 700 897 τινες
727 818 902 905 κέχρηνται
930 818 1100 905 σπέρματι,

85 939 157 1005 τοῖς
194 930 326 1011 λοβοῖς,
364 921 406 992 οὐ
443 925 571 1012 σπέρμα
609 926 736 1011 μᾶλλον
772 919 793 1011 ἢ
829 923 976 1010 λάχανον
1017 921 1099 991 αὐτὸ

86 1037 278 1118 νομίζοντες
313 1028 400 1098 εἶναι
432 1032 478 1122 τῷ
515 1033 699 1117 πεφυκέναι
737 1055 806 1110 πως
843 1026 1014 1118 ἀνωφερὲς
1044 1031 1143 1100 καὶΙ)

88 1135 199 1225 ὀρθὸν
226 1138 282 1205 καὶ
311 1134 391 1205 οὐδὲ
418 1139 616 1224 ἐρριζῶσθαι
635 1134 717 1205 κατά
743 1139 803 1224 της
831 1139 904 1224 γῆς·
931 1138 1098 1225 ἐρρίζωται

37 1266 71 1308 ιο
88 1243 127 1312 δὲ
156 1241 265 1332 ὥσπερ
294 1240 386 1330 [οὐκ]
417 1245 452 1311 ἐκ
481 1244 626 1331 δένδρου
653 1245 767 1312 κιττοῦ
788 1271 880 1324 τινος
908 1238 928 1330 ἢ
956 1244 1012 1311 καὶ
1040 1240 1100 1331 άμ-

84 1352 192 1419 πέλου
231 1349 358 1438 καρπὸς
398 1346 535 1438 ἤρτηται
571 1351 626 1418 καὶ
667 1349 822 1437 καλάμης.
877 1345 1101 1439 ἀπηγόρευται

87 1456 151 1545 μὲν
185 1447 248 1524 οὖν
279 1451 360 1544 ἡμῖν
392 1457 560 1544 σπέρματι4
583 1459 729 1544 χρῆσθαι
763 1454 819 1524 διὰ
846 1458 945 1524 τοῦτο
973 1459 1101 1543 φυτῶν,

88 1563 318 1651 ἐπιτέτραπται
351 1562 388 1631 δέ
420 1566 565 1651 χρῆσθαι
598 1577 738 1652 καρποῖς
768 1564 824 1631 καὶ
857 1561 1027 1650 λαχάνοις,
1060 1559 1102 1631 οὐ

87 1684 160 1750 τοῖς
186 1669 412 1757 χαμαιζήλοις,
445 1666 528 1737 ἀλλά
555 1681 625 1750 τοῖς
657 1672 692 1738 ἐκ
720 1672 780 1758 γῆς
812 1670 1002 1757 αἰρομένοις
1031 1666 1102 1737 ἀνω

45 1794 74 1836 1⁵
89 1775 297 1865 μετεώροις.
325 1775 428 1864 ταότη
460 1803 512 1844 τοι
548 1778 603 1844 καὶ
635 1779 693 1864 τῆς
729 1780 931 1862 γογγυλίδος
967 1773 1004 1844 τὸ
1042 1775 1103 1862 μὲν

89 1881 254 1970 γεωχαρὲς
281 1878 325 1962 ως
352 1882 495 1970 χθόνιον
526 1881 685 1950 ἐπιτάττει
717 1892 967 1970 παραιτεῖσθαι,
999 1879 1053 1950 τό·
1066 1881 1103 1950 δὲ
1171 1894 1181 1914 “

90 1987 326 2077 ἀναδυόμενον
359 1985 429 2057 ἀνω
457 1989 512 2057 καὶ
540 1993 587 2069 είς
613 1985 702 2070 ὕψος
728 1986 909 2077 αἰρόμενον
937 1983 981 2068 ὡς
1008 1985 1155 2078 αὐτῷικο

90 2095 199 2186 τούτῳ
240 2093 394 2183 καθαρὸν
433 2094 603 2182 τυγχάνον
643 2098 763 2164 δίδωσι
804 2093 1102 2183 προσενέγκασθαι.

90 2204 160 2268 τῶν
187 2194 279 2287 γοῦν
298 2201 454 2289 λαχάνων
482 2198 636 2291 ὀρμένοις
667 2200 728 2289 μὲν
756 2214 923 2287 συγχωρεῖ
946 2203 1103 2289 χρῆσθαι,

47 2327 76 2366 ²⁰
91 2311 196 2395 ῥίζαις
223 2307 260 2376 δὲ
288 2304 488 2398 ἀπαγορεύει
515 2310 571 2376 καὶ
589 2308 730 2396 μάλιστα
748 2322 819 2387 ταῖς
846 2307 1103 2394 ἐντρεφομέναις
1145 2375 1147 2378 ,

91 2415 148 2481 καὶ
177 2415 434 2502 συμπαθούσαις
460 2416 500 2503 τῇ
527 2441 578 2504 γη.
619 2415 674 2482 καὶ
702 2412 769 2503 μὴν
790 2414 933 2482 καὶτῶν
952 2414 1104 2500 δένδρων

91 2519 180 2607 μῆλα
211 2521 272 2607 μὲν
305 2516 349 2602 ὡς
381 2519 453 2610 ίερά
485 2521 540 2589 καὶ
573 2525 681 2610 χρυσᾶ
712 2521 768 2589 καί
800 2516 954 2608 ἀρρήτων
986 2509 1103 2586 άθλων

90 2627 148 2695 καὶ
180 2628 374 2696 τελεστικῶν
406 2626 537 2708 εἰκόνας
572 2633 812 2715 καταφθείρειν
849 2623 912 2695 οὐκ
950 2626 1104 2714 ἐπέτρεψε

92 2734 148 2800 καὶ
175 2739 439 2820 καταναλίσκειν,
467 2731 542 2814 άξιά
569 2761 607 2820 γε
625 2731 707 2802 ὄντα
733 2735 801 2802 τῶν
828 2729 1022 2822 άρχετάπων
1045 2730 1102 2819 χά-

50 2855 79 2899 ²⁵
93 2866 149 2929 ριν
180 2842 241 2907 τοῦ
278 2841 441 2927 σέβεσθαί
472 2866 508 2909 τε
543 2841 599 2910 καὶ
635 2839 897 2930 θεραπεύεσθαι·
934 2834 1029 2928 ῥοιὰς
1066 2836 1144 2907 δλΒ

92 2941 139 3025 ὡς
167 2972 276 3033 φντον
303 2945 446 3034 χθόνιον
471 2946 694 3037 παρῃτήσατο,
721 2947 777 3016 καὶ
803 2947 866 3014 τοῦ
892 2951 1046 3034 φοίνικος
1065 2941 1103 3012 δέ

181 3149 193 3196 1
217 3141 362 3214 πολλαχου
384 3147 501 3198 alterum
519 3147 594 3198 delet
610 3124 843 3213 Ψμιλοοοεολιίοά
868 3147 902 3197 ad
920 3146 993 3196 Ρλοι.
1015 3146 1104 3197 Phae·

94 3212 159 3265 don.
165 3230 203 3294 p.
223 3217 272 3266 286
359 3217 391 3266 10
409 3207 462 3267 οάκ
479 3213 593 3266 inclusit
609 3215 680 3278 Pet„
699 3215 803 3269 delevit
821 3213 923 3280 Spanh.
1004 3216 1035 3264 11
1054 3210 1104 3264 καί

93 3274 240 3349 καλάμης]
259 3283 314 3333 Aut
331 3284 461 3334 mendosa
480 3298 540 3370 οεεο
557 3282 626 3333 haee
649 3288 698 3333 aut
716 3283 850 3334 excidisse
870 3281 1006 3373 quaedam
1025 3285 1106 3346 putat

94 3401 156 3450 Pet.
244 3403 276 3451 15
290 3365 467 3480 μεταιτόροις
485 3398 519 3468 V]
536 3416 682 3467 μετεωρως
770 3403 801 3452 17
815 3408 842 3452 et
856 3403 888 3452 18
911 3391 991 3467 αάτηῑ
1013 3391 1105 3466 τοάτφ

93 3464 135 3588 g]
143 3460 230 3603 ἔηάηη
252 3467 348 3559 τοῦτο
405 3471 437 3520 23
460 3467 671 3534 καταφθείρειν
695 3465 769 3536 Pet]
792 3451 1003 3534 μεταφθείρειν
1073 3449 1105 3516 2‘5

735 3587 739 3596 ·
842 3618 891 3674 15*
