2370 3908
102 205 143 269 14
402 204 547 255 IULIANI
569 201 818 254 IMPERATORIS

102 330 165 401 οὐκ
185 338 232 413 είς
258 360 389 421 μακραν
418 329 604 418 όιγωνιστόις
623 332 724 418 ἐχρῆν
750 333 964 417 καταστῆναι,
991 332 1119 421 πατέρα

48 462 80 512 12
101 437 160 507 τὸν
189 437 250 507 σὸν
278 441 503 526 διανοηθέντα
531 443 637 525 φαίην
661 433 704 504 άν
731 437 867 517 είκότως
893 451 963 517 τοῖς
980 440 1119 507 Κελτῶν

100 552 238 614 ἔθνεσιν
265 547 443 632 ἐπιστῆσαί
468 566 505 612 σε
533 543 668 631 φύλακα
692 544 747 612 καὶ
766 545 915 631 βασιλέα,
944 543 1119 632 μειράκιον

100 658 158 737 ἔτι,
186 655 314 738 μάλλον
341 651 379 720 δὲ
406 655 511 718 παῖδα
538 653 659 739 κομιδῇ
686 653 732 741 τῷ
760 650 886 742 χρόνῳ,
915 650 984 718 ἐπεὶ
1010 652 1052 738 τῇ
1081 678 1118 736 γε

99 760 233 826 συνέσει
272 759 328 826 καὶ
360 757 455 846 ῥῶμη
491 771 560 838 τοῖς
597 765 710 836 καλοῖς
747 753 911 842 κάγαθοῖς
949 753 1143 845 άνδράσινο

98 864 276 951 ἐνάμιλλον
294 861 368 952 ἤδη.
405 862 546 950 τοῦμὲν
574 860 761 932 άκίνδυνον
790 866 948 949 γενέσθαι
976 882 1031 931 σοι
1054 862 1118 951 τὴν

97 969 279 1058 πολεμικόν
307 972 481 1058 ἐμπειρίαν
509 966 526 1038 ό
554 968 661 1057 πατὴρ
689 970 880 1057 προυνόησε
912 971 1037 1056 καλῶς,
1069 975 1117 1037 εί-

98 1077 206 1165 ρήνην
234 1076 385 1156 ἐπιτάξας
412 1073 497 1164 πρὸς
523 1074 603 1156 τοὺς
621 1071 792 1162 ὑπηκόους
820 1074 914 1161 άγειν
935 1090 1005 1155 τοῖς
1033 1081 1117 1165 βαρ-

57 1183 229 1271 Ββάροις·
257 1181 422 1270 μάχεσθαι
450 1181 487 1249 δὲ
507 1179 702 1250 ἀναπείθων
734 1184 789 1251 καὶ
818 1181 1004 1264 στασιάζειν
1031 1181 1118 1270 πρὸς

97 1285 272 1376 ἀλλήλους,
301 1290 337 1356 ἐν
359 1304 432 1368 ταῖς
450 1291 588 1356 ἐκείνων
612 1303 802 1377 συμφοραῖς
820 1289 876 1356 καὶ
894 1303 964 1369 τοῖς
983 1287 1116 1375 σῶμασι
1129 1318 1152 1359 ω

98 1393 320 1483 στρατηγικὴν
349 1397 504 1463 ἐδίδασκε
531 1396 666 1482 τέχνην,
695 1391 945 1483 ἀσφαλέστερον
972 1400 1116 1481 βουλευ-

98 1500 217 1588 όμενος
244 1503 305 1568 τού
333 1504 444 1586 σοφοῦ
467 1501 656 1582 Πλάτωνος.
697 1505 743 1592 τῷ
772 1499 833 1588 μὲν
861 1501 936 1589 γάρ,
965 1505 996 1568 εί
1021 1498 1118 1582 πεζός

98 1608 235 1675 ἐπέλθοι
261 1613 429 1694 πολεμίων
448 1607 597 1695 στρατός,
626 1612 661 1675 οί
680 1612 796 1687 παῖδες
823 1608 943 1675 θεαταὶ
961 1607 1017 1674 καὶ
1045 1632 1116 1675 κοι-

97 1713 201 1780 νωνοὶ
233 1716 302 1780 τῶν
334 1718 457 1800 ἔργων,
497 1710 537 1799 ἤν
569 1738 635 1781 που
669 1716 833 1800 δεηθῶσι,
869 1726 939 1792 τοῖς
970 1712 1117 1800 πατράσι

97 1815 240 1904 γένοιντ’
272 1816 327 1886 άν·
360 1817 574 1906 κρατούντων
602 1817 639 1886 δὲ
668 1821 803 1887 ίππεύσι
834 1821 903 1885 τῶν
934 1824 1114 1904 πολεμίων,
1129 1844 1153 1887 ιο

98 1922 168 2015 ῶρα
205 1927 421 2012 μηχανᾶσθαι
458 1939 528 2004 τοῖς
565 1931 747 2013 μειρακίοις
785 1930 948 2013 σωτηρίας
985 1923 1114 2012 τρόπον

58 2030 351 2117 Οδνσεπινόητον.
396 2029 433 2098 τὸ
468 2030 504 2099 δὲ
537 2033 574 2098 ἐν
606 2028 793 2120 άλλοτρίοις
825 2030 997 2110 κινδύνοις
1034 2027 1117 2110 τοὺς

96 2143 219 2218 παῖδας
257 2140 379 2220 ἐθίζειν
413 2143 583 2224 πολεμίων
621 2134 799 2225 ἀνέχεσθαι
837 2137 892 2204 καλ
934 2133 1017 2225 πρὸς
1053 2134 1116 2223 τὴν

96 2250 211 2333 χρείαν
239 2240 431 2332 άρκούντως
459 2247 515 2313 καλ
542 2242 626 2332 πρὸς
643 2243 706 2333 τὴν
733 2241 921 2330 άσφάλειαν
950 2248 1043 2311 δοκεῖ
1059 2248 1115 2329 βε-

97 2352 313 2436 βουλεῦσθαι.
360 2353 396 2418 ἐν
429 2350 490 2437 μὲν
523 2347 565 2436 δὴ
592 2349 724 2431 τούτοις
757 2371 810 2418 σοι
842 2347 925 2437 πρὸς
952 2345 1154 2436 άνδρείανω

98 2453 223 2545 ὑπῆρχε
251 2457 376 2544 μελέτη.
422 2454 617 2544 φρονήσεως
646 2457 683 2525 δέ
710 2454 730 2544 ἡ
759 2456 821 2544 μὲν
848 2455 964 2543 φύσις,
993 2451 1035 2541 ἣν
1069 2462 1114 2522 εί-

97 2572 208 2650 ληχας,
236 2559 402 2651 αύταρκὴς
429 2556 574 2650 ἡγεμῶν·
602 2566 758 2651 παρῆσαν
786 2562 824 2630 δὲ
843 2560 935 2649 οἶμαι
961 2562 1018 2629 καὶ
1046 2562 1115 2628 τῶν

97 2670 243 2738 πολιτῶν
272 2672 307 2736 oc
336 2667 506 2758 κράτιστοι
537 2667 578 2737 τόι
606 2668 757 2737 πολιτικὰ
786 2668 1010 2747 διδάσκοντες.
1056 2667 1114 2735 καὶ

52 2790 257 2864 Βπαρεῖχον
284 2771 382 2862 ἠθῶν
408 2777 465 2843 καὶ
492 2775 607 2862 νόμων
635 2777 690 2843 καὶ
710 2778 814 2857 ξένων
843 2771 1114 2861 ἐπιτηδευμάτων

97 2886 269 2971 ἐμπειρίαν
296 2885 334 2949 αί
358 2881 441 2970 πρὸς
458 2879 538 2963 τούς
556 2877 721 2970 ἡγεμόνας
747 2884 815 2949 τῶν
833 2884 912 2970 τῇδε
931 2878 1114 2969 βαρβάρων
1127 2906 1153 2949 25

98 2989 267 3069 ἐντεύξεις.
312 2995 420 3057 καίτοι
453 2986 513 3056 τὸν
542 2985 706 3056 Ὀδυσσέα
734 2986 877 3056 συνετὸν
896 2984 1044 3074 Ὅμηρος
1078 2988 1115 3053 ἐκ

97 3093 221 3175 παντὸς
260 3078 432 3183 άποφῆναι
468 3094 734 3183 προαιρούμενος
774 3094 987 3184 πολύτροπον
1024 3088 1117 3159 εἷναί

98 3222 181 3290 φησι
213 3201 268 3268 καὶ
299 3204 433 3269 πολλῶν
465 3197 658 3289 άνθρῶπων
689 3199 749 3270 τόν
781 3204 867 3269 νοῦν
899 3200 1114 3285 καταγνῶναι

97 3309 153 3377 καλ
181 3309 334 3375 ἐπελθεῖν
361 3322 433 3388 ταῖς
460 3306 611 3393 πόλεσιν,
644 3305 689 3376 ἵν’
721 3311 753 3389 ἐξ
781 3304 939 3376 ἁπάντων
968 3304 1113 3385 ἐπιλεξά-

165 3445 252 3494 4et5
270 3458 302 3508 γε
320 3437 444 3507 συνέσει]
465 3439 575 3508 γενέσει
593 3442 618 3492 V
669 3445 685 3493 6
703 3435 761 3510 ἤδη
780 3442 813 3509 V]
833 3434 899 3507 ᾔδει
950 3443 981 3491 13
1001 3432 1113 3504 ἐπέλθη

99 3513 121 3559 V
144 3528 180 3567 m.
200 3526 269 3573 see„
293 3526 326 3565 m,
346 3527 385 3575 pr.
409 3501 543 3573 ἐπέλθοι,
567 3515 598 3561 ut
619 3511 731 3562 videtur
801 3514 832 3561 19
855 3503 926 3576 πρὸς
946 3500 1115 3572 α’σφάλειαν

97 3579 155 3631 VM
206 3582 240 3630 20
256 3572 337 3644 πρὸς]
357 3571 374 3645 ἡ
393 3572 464 3644 πρὸς
483 3577 591 3630 Schaef.
643 3581 676 3630 29
694 3571 833 3631 ἐπελθεῖν
851 3575 921 3643 VM]
941 3569 1115 3640 ἐπεξελθεῖν
