2370 3908
119 202 161 268 52
420 203 564 255 IULIANI
586 202 834 254 IMPERATORIS

119 329 211 412 ὅστις
247 328 310 400 οὐκ
347 340 466 417 οίεται,
503 329 608 418 μηδὲν
645 332 783 398 ἐκείνων
819 337 1048 422 μεγαλοψυχίᾳ
1079 332 1144 404 καὶ,

118 442 158 527 τή
190 436 275 528 πρὸς
306 436 346 505 τά
379 434 463 506 καλά
496 440 668 526 φιλοτιμίᾳ
700 434 912 524 λειπόμενον,
945 434 1051 519 οὕτως
1083 441 1138 526 ἔγ-

75 548 249 633 Βκρατῶς
275 546 330 612 καλ
363 543 549 632 σωφρόνως
579 545 625 634 τῷ
658 543 756 632 πατρὶ
788 542 844 611 καὶ
875 558 945 624 τοϊς
977 540 1140 632 ἀδελφοῖς

120 652 396 741 προσενηνέχθαι.
450 648 687 739 παρασχούσης
732 647 796 737 γάρ
836 652 895 736 τής
935 649 1036 738 τύχης
1076 649 1138 720 τὸν

109 755 255 847 καιρὸν,
288 759 325 825 έν
359 748 386 849 ᾦ
417 759 475 843 της
508 751 665 824 ἁπάντων
697 749 876 842 ἡγεμονίας
908 758 1008 845 ἔχρήν
1040 781 1166 844 μετα-ο

120 867 318 952 ποιηθῆναι,
345 866 476 954 πρῶτος
495 857 665 951 ὡρμήθης,
693 863 827 929 πολλῶν
854 858 1139 954 ἀπαγορευόντων

119 971 176 1040 καὶ
203 969 286 1059 πρὸς
313 966 474 1039 τάναντία
503 971 698 1056 ξυμπείθειν
731 969 1002 1058 ἐπιχειρούντων·
1031 972 1140 1061 ῥᾷστα

121 1077 158 1145 δὲ
186 1078 241 1145 καί
269 1074 352 1166 πρὸς
385 1073 573 1163 ἀσφάλειαν
605 1072 666 1142 τὸν
694 1075 732 1141 έν
759 1076 851 1162 χερσὶ
878 1074 1025 1163 πόλεμον
1052 1080 1139 1145 διοι-

120 1183 306 1269 κησάμενος
334 1183 538 1271 ἐλευθεροῦν
566 1185 670 1265 ἔγνως
687 1182 745 1267 της
773 1176 875 1268 ἀρχῆς
898 1179 938 1249 τά
965 1190 1139 1271 κατειλημ·

68 1311 101 1359 42
121 1291 215 1377 μένα,
244 1288 458 1375 δικαιοτάτην
477 1286 539 1375 μὲν
566 1288 621 1354 καὶ
641 1290 718 1355 οἵαν
746 1284 839 1355 ούπω
858 1287 1011 1376 πρόσθεν
1039 1293 1139 1376 ἔλαβε
1153 1315 1178 1355 ω

119 1396 291 1485 πρόφασιν
318 1395 461 1483 πόλεμος
488 1396 546 1480 τής
568 1391 652 1481 πρὸς
680 1395 829 1474 ἐκείνους
856 1400 979 1484 ἔχθρας
1005 1396 1138 1483 τιθέμε-

120 1529 188 1582 νος.
234 1497 315 1569 ούδέ
351 1499 415 1590 γάρ
451 1499 616 1588 ἐμφύλιον
653 1496 747 1580 ἀξιον
783 1499 1046 1591 προσαγορεύειν
1077 1498 1140 1570 τὸν

119 1607 276 1695 πόλεμον,
296 1598 338 1676 οὗ
356 1607 527 1697 βάρβαρος
549 1597 592 1694 ήν
611 1600 744 1693 ήγεμών
764 1604 885 1674 ἑαυτὸν
905 1603 1139 1696 ἀναγορεύσας
1173 1646 1175 1650 ν

121 1715 260 1801 βασιλέα
292 1716 348 1782 καὶ
376 1712 611 1802 χειροτονήσας
643 1712 838 1800 στρατηγόν.
880 1715 948 1781 τῶν
975 1709 1141 1802 ἀδικημά-

121 1846 189 1889 των
218 1818 255 1888 δέ
281 1822 349 1887 τῶν
378 1821 507 1887 ἐκείνου
535 1819 591 1886 καὶ
620 1809 668 1885 ὦν
695 1823 836 1907 ἔδρασεν
864 1823 911 1899 είς
938 1824 1050 1888 οίκίαν
1077 1817 1180 1907 τήνω

123 1924 187 2014 σήν
215 1923 278 2013 οὐχ
305 1921 372 2012 ήδύ
396 1924 460 2013 μοι
479 1923 636 2005 πολλάκις
659 1927 859 2012 μεμνῆσθαι.
901 1921 1140 2016 ἀνδρειοτέραν

124 2031 161 2102 δὲ
192 2035 294 2120 τήσδε
325 2035 383 2120 τής
413 2031 563 2121 πράξεως
594 2036 643 2112 τίς
675 2026 718 2099 ἀν
751 2037 856 2099 εἰπεῖν
889 2037 973 2119 ἔχοι,
1010 2028 1065 2119 ἐφ’
1101 2023 1141 2122 ἧς

22 2186 26 2191 -
83 2142 226 2226 Βδήλος
253 2137 314 2227 μέν
341 2130 384 2226 ἦν
413 2135 614 2226 ἀποτυχόντι
632 2140 700 2204 τῶν
727 2143 836 2226 ἔργων
859 2143 1032 2219 κίνδυνος·
1060 2133 1141 2208 ύπέ-

110 2272 218 2334 ·μενες
246 2244 284 2313 δέ
311 2242 413 2314 οὐδὲν
431 2247 573 2333 κέρδους
591 2243 689 2333 χάριν
717 2240 798 2312 οὐδὲ
825 2244 920 2325 κλέος
938 2241 1141 2332 ἀείμνηστον

55 2395 58 2400 -
124 2348 388 2439 ἀντωνούμενος,
415 2347 499 2440 ὑπὲρ
525 2342 567 2418 οὗ
589 2352 645 2418 καὶ
664 2346 891 2438 ἀποθνήσκειν
920 2348 1041 2439 ἀνδρες
1059 2347 1141 2438 άγα-
1154 2376 1180 2418 ω

122 2459 182 2527 θολ
222 2457 380 2538 πολλάκις
420 2459 602 2543 τολμῶσιν,
640 2450 715 2525 οἷον
755 2455 838 2547 πρὸς
875 2453 1038 2547 ἀργύριον
1079 2455 1142 2546 τήν

125 2564 228 2645 δόξαν
263 2562 322 2644 τάς
353 2561 463 2651 ψυχάς
495 2559 750 2652 ἀποδιδόμενοι,
783 2559 864 2632 οὐδὲ
896 2560 963 2651 μὴν
996 2559 1041 2631 δι’
1073 2565 1142 2632 ἔπι-

124 2674 254 2757 θυμίαν
285 2666 389 2759 ἀρχῆς
420 2674 569 2756 μείζονος
605 2670 661 2738 καὶ
693 2670 935 2758 λαμπροτέρας,
973 2665 1025 2737 ὅτι
1056 2668 1143 2757 μηδὲ

124 2776 189 2867 νέω
223 2795 277 2844 σοι
307 2776 438 2845 τούτων
470 2778 674 2864 ἔπιθυμήσαι
706 2777 847 2863 συνέβη,
880 2772 952 2844 ἀλλ’
987 2770 1070 2845 αὐτὸ
1104 2773 1142 2845 τὸ

124 2880 229 2951 καλὸν
262 2884 410 2972 στέργων
441 2886 500 2971 της
535 2883 683 2972 πράξεως
714 2881 822 2950 πάντα
858 2877 1040 2970 ὑπομένειν
1072 2880 1143 2976 ρ’ίον
1156 2906 1181 2951 ω

125 2994 199 3057 δεῖν
226 2991 306 3079 πρὶν
332 2995 417 3058 ίδεῖν
440 2985 612 3077 Ῥωμαίων
639 2987 813 3078 βάρβαρον
836 2987 1058 3076 βασιλεύοντα
1087 2991 1144 3058 καί

85 3096 239 3183 δνόμων
266 3094 386 3185 κύριον
404 3097 460 3165 καὶ
487 3100 653 3176 πολιτείας
672 3098 866 3165 καθεστῶτα
894 3097 950 3164 καὶ
972 3094 1031 3177 τάς
1058 3090 1144 3187 ὑπέρ

127 3205 195 3270 τῶν
223 3206 348 3271 κοινῶν
375 3199 476 3291 εὐχάς
501 3201 706 3289 ποιούμενον
732 3200 793 3271 τὸν
820 3203 995 3283 τοσούτοις
1023 3198 1144 3291 ἀσεβή-

231 3364 245 3386 n
382 3364 396 3386 (ἱ
542 3363 549 3384 ³
670 3364 677 3384 ί
917 3367 926 3387 ²
949 3361 961 3387 ἶ
1096 3367 1105 3390 9
1131 3362 1143 3390 Ι

129 3445 161 3494 18
182 3372 413 3493 έηάόάδδενάοάδ
436 3366 980 3500 κίνδῧτιτέοζαάδδεέάδάιενεεεεΙτῖἰδέεῗοεης
997 3365 1146 3494 νέλέἀπιέ

129 3501 280 3575 διδόμενοι
302 3507 341 3576 V]
368 3499 547 3575 ἀποδόμενοι
574 3507 578 3574 Ι
605 3500 679 3586 οὐδὲ
699 3505 740 3574 Η]
767 3499 834 3560 οὔτε
903 3511 1023 3560 23et24
1048 3505 1146 3590 μηδὲν

129 3569 176 3628 ἔπλ
195 3574 239 3628 σολ
257 3577 281 3628 V
333 3580 365 3628 27
383 3575 529 3637 πολιτείας
547 3577 716 3628 καθεστωτοι
734 3572 769 3642 V]
788 3576 940 3629 πολιτείαν
957 3577 1146 3631 καθισταντα
