2370 3908
122 219 182 286 138
424 221 568 272 IULIAM
588 221 832 274 ιιιεειιιυοεαε

120 349 296 437 λειπόμενα
328 348 587 437 περιβαλόμενος
614 351 674 436 γῆς
701 374 735 416 τε
768 344 897 436 άπάσης
924 350 980 418 καὶ
1006 349 1135 418 θαλάτ-

119 485 177 545 της
204 455 318 543 κύριος
346 457 485 540 γένοιτο,
513 452 549 523 τὸ
578 454 684 542 χρεῶν
704 457 740 523 έν
758 458 937 543 Βαβυλῶνι
964 457 1135 543 κατέλαβε.

120 562 317 642 Μακεδόνες
345 561 382 630 δὲ
410 557 568 629 ἁπάντων
594 553 714 651 ἦρχον,
748 553 796 630 ῶν
822 557 880 630 ύπ’
911 565 1026 654 ἐκείνω
1054 591 1134 650 κτη-

122 669 259 756 σάμενοι
286 667 416 737 πόλεων
439 669 493 735 καὶ
513 670 625 736 ἐθνῶν
654 673 780 755 έτυχου.
827 659 881 756 ἆρ’
912 660 975 737 οῦν
1003 674 1050 736 ἐτι
1069 668 1134 759 χρὴ

122 773 178 844 διά
205 774 366 863 μειζόνων
397 781 582 862 τεκμηρίων
610 779 752 861 δηλοῦν,
786 770 831 855 ῶς
859 776 994 856 ἔνδοξος
1021 774 1083 863 μέν
1109 772 1162 864 ἦε

76 895 101 947 D
121 887 318 951 Μακεδονία
346 882 400 949 καὶ
434 880 557 968 μεγάλη
586 879 622 949 τὸ
656 881 807 968 πρόσθεν
834 882 979 967 γένοιτο,
1011 881 1136 970 ταύτης

122 989 158 1057 δὲ
187 985 289 1076 αὐτῆς
320 986 357 1056 τὸ
391 987 568 1076 κράτιστον
596 982 617 1073 ἡ
649 987 744 1068 πόλις
772 990 896 1075 ἐκείνη,
924 984 967 1075 ἣν
995 985 1134 1076 άνέστη-

122 1118 200 1180 σαν,
237 1094 411 1162 πεσόντων
448 1092 539 1180 οἶμαι
578 1097 767 1181 Θετταλῶν,
799 1097 857 1181 τῆς
888 1091 959 1162 κατ’
995 1095 1135 1163 ἐκείνων

122 1201 299 1288 ἐπώνυμον
336 1205 439 1287 νίκης.
488 1201 544 1268 καὶ
576 1201 651 1288 περὶ
688 1200 748 1287 μὲν
785 1200 914 1269 τούτων
951 1196 1054 1269 οῦδὲν
1087 1206 1135 1268 ἐτι

122 1311 240 1394 δέομαι
273 1304 457 1395 μακρότερα
494 1307 614 1393 λέγειν·
652 1303 820 1393 εὐγενείας
856 1334 893 1393 γε
926 1304 993 1395 μὴν
1024 1313 1060 1374 τί
1089 1303 1132 1375 άυ
1149 1334 1175 1372 ιο

122 1420 252 1500 ἔχοιμεν
281 1418 327 1480 ἐτι
354 1411 528 1501 πράγματα
561 1415 788 1500 ἐπιζητοῦντες
816 1413 1049 1503 φανερώτερον
1077 1415 1134 1482 καὶ

121 1518 257 1607 ἐναργές
289 1521 415 1606 μᾶλλον
447 1518 639 1607 τεκμίριον;
671 1520 826 1607 θυγάτηρ
859 1519 923 1609 γάρ
956 1522 1047 1588 ἐστιν
1076 1518 1134 1588 άν-

122 1625 201 1715 δρὸς
239 1623 333 1706 άξίου
370 1628 590 1712 νομισθέντος
625 1623 686 1714 τὴν
723 1625 900 1714 ἐπῶυυμου
940 1630 1002 1695 τοῦ
1039 1632 1135 1706 ἔτους

122 1729 228 1820 άρχην
261 1729 429 1819 (άρχειυ),
465 1731 567 1800 πάλαι
601 1733 661 1820 μὲν
696 1732 837 1822 ι’σχυρδιυ
868 1735 923 1801 καὶ
960 1739 1135 1821 βασιλείαν

68 1836 269 1926 108άτεχνῶς
306 1824 568 1927 ὀνομαζομένην,
601 1843 855 1927 μεταβαλοῦσαν
891 1839 929 1908 δέ
962 1837 1018 1908 διά
1053 1836 1135 1919 τοῦς
1149 1862 1175 1904 15

122 1943 184 2014 οῦκ
212 1942 324 2033 ὀρθῶς
351 1948 543 2033 χρωμένους
570 1950 609 2035 τῇ
629 1945 769 2034 δυνάμει
797 1945 833 2014 τὸ
864 1944 983 2035 όυομα·
1012 1949 1077 2014 νῦν
1096 1946 1134 2016 δέ

121 2050 186 2140 ἤδη
214 2054 272 2139 τῆς
301 2051 475 2138 δυνάμεως
495 2053 738 2140 ἐπιλειπούσης,
766 2054 879 2140 ἐπειδὴ
899 2049 982 2140 πρὸς
1009 2079 1133 2142 μοναρ-

121 2166 197 2246 χίαυ
229 2156 268 2225 τά
301 2162 359 2246 τῆς
390 2167 556 2240 πολιτείας
588 2161 784 2248 μεθέστηκε,
812 2157 887 2247 τιμὴ
916 2155 996 2227 καθ’
1027 2154 1135 2247 αῦτην

119 2268 187 2332 τῶν
220 2262 330 2333 άλλωυ
362 2260 519 2334 άπάυτωυ
557 2268 736 2353 στερομένη
769 2264 852 2353 πρὸς
889 2269 1001 2334 πάσαν
1034 2263 1135 2353 ίσχῦν

121 2368 320 2460 άντίρροπος
348 2369 433 2438 εἶναι
453 2379 554 2457 δοκεῖ,
583 2388 652 2452 τοῖς
670 2372 731 2459 μὲν
755 2372 902 2453 ι’διῶταις
931 2366 1005 2440 οἷον
1024 2363 1175 2441 άθλουεο

121 2474 320 2565 ἀποκειμένη
348 2480 403 2545 καὶ
431 2481 529 2567 γέρας
558 2475 674 2567 άρετῆς
700 2474 720 2565 γ’γ’
749 2485 889 2559 πίστεως
915 2476 937 2565 ἤ
959 2505 1051 2558 τινος
1078 2475 1134 2547 εύ-

120 2591 215 2663 νοίας
247 2585 302 2650 καὶ
330 2579 512 2671 ὑπηρεσίας
539 2586 615 2673 περὶ
647 2583 726 2664 τοὺς
752 2588 821 2653 τῶν
854 2582 943 2653 ὅλων
970 2582 1135 2673 άρχοντας

78 2686 141 2776 Bi}
178 2689 327 2778 πράξεως
364 2693 524 2777 λαμπράς,
562 2706 632 2772 τοῖς
670 2694 843 2777 βασιλεῦσι
882 2691 918 2760 δέ
958 2689 1042 2779 πρὸς
1084 2685 1136 2770 οἷς

121 2802 254 2883 ἔχουσιν
293 2793 435 2882 ἀγαθοῖς
472 2791 546 2865 οἷον
585 2795 715 2884 άγαλμα
747 2799 802 2864 καὶ
834 2797 958 2885 κόσμος
989 2799 1133 2866 ἐπιτιθε-

120 2905 215 2990 μένη·
252 2906 320 2971 τῶν
347 2902 407 2990 μὲν
440 2901 504 2992 γάρ
533 2901 642 2971 άλλων
666 2899 842 2991 ὀνομάτων
869 2930 903 2971 τε
931 2904 987 2971 καὶ
1015 2909 1134 2992 ἔργων,
1149 2926 1175 2967 ει

120 3005 227 3076 ὁπόσα
259 3013 317 3096 τῆς
349 3013 491 3090 παλαιάς
523 3012 650 3097 ἐκείνης
677 3016 842 3091 πολιτείας
874 3009 1027 3092 διασῶζει
1058 3009 1135 3078 τινὰ

190 3269 202 3316 1
230 3259 457 3333 περιβαλόμενος
478 3264 521 3332 Μ]
549 3259 791 3333 περιβαλλόμενος
872 3269 888 3317 6
915 3264 1078 3328 μακεδονία
1101 3265 1135 3333 V]

120 3327 303 3386 Μακεδόνων
335 3335 339 3399 Ι
372 3327 404 3384 τό
429 3351 481 3386 om.
501 3337 525 3386 V
589 3337 642 3384 ·11
666 3330 781 3400 ἐχοιμεν
800 3327 842 3384 ἔτι
863 3330 1019 3400 πράγματα
1039 3332 1073 3399 V]
1094 3330 1137 3386 ἔτι

119 3398 275 3469 πράγματα
293 3398 408 3468 ἔχοιμεν
478 3406 510 3452 14
528 3394 621 3467 άρχὴν
639 3393 739 3469 άρχειν
757 3403 792 3451 Η.
811 3408 840 3452 et
859 3401 938 3468 Cob.]
957 3397 1050 3468 ἀρχὴν
1104 3406 1136 3453 15

120 3463 335 3537 ὀνομαζομένην
353 3467 431 3535 Cob.]
450 3466 642 3535 νομιζομένην
712 3472 742 3520 17
761 3461 963 3536 ἐπιλειπούσης
982 3470 1006 3521 V
1073 3462 1137 3521 ἐπι·

119 3531 290 3655 χιπούσηςΜ
341 3540 372 3588 18
391 3537 421 3588 τί
436 3532 519 3604 μὴν
598 3540 631 3588 20
649 3523 744 3588 ἆθλον
761 3535 800 3603 M]
820 3528 914 3589 άθλον
991 3539 1025 3587 ‘24
1058 3553 1137 3592 τινε-

145 3621 244 3672 ειμενη
