2392 3960
83 72 105 93 ...
151 38 241 89 5⁶:21·-

12 37 159 277 Γ
476 141 613 193 οιιΑΤιο
634 143 664 191 v.
1017 140 1079 204 207

12 282 15 349 ἶ
63 275 211 360 δημοσίᾳ
238 268 348 338 πάντα
375 268 574 356 ἐφυλάττετο
602 265 642 336 τά
670 283 883 358 γραμματεῖα.
929 266 1009 356 μετὰ
1037 267 1114 357 δήῦ

62 374 144 457 τοὺς
166 373 330 462 Ἕλληνας
363 371 447 444 αῦτδι
476 370 629 462 Ῥωμαῖοι
661 376 899 463 παρεδέξαντο,
931 382 1079 462 συμβου-

12 506 15 545 5
63 483 246 563 λεῦσαντος
264 483 320 551 καὶ
338 477 453 562 αὐτοῖς
469 484 532 550 τοῦ
546 486 686 550 Πυθίου
705 482 758 549 έπὶ
775 479 836 550 τὸν
849 479 933 572 πρὸς
946 489 1078 572 Καρχη-

63 595 202 671 δονίους
228 588 375 676 πόλεμον
402 585 496 675 άγειν
530 589 565 657 ἐκ
599 593 750 678 Φρυγίας
785 586 848 676 τήν
879 585 964 656 θεὸν
996 588 1079 676 σάμ-

36 723 179 784 τμαηον.
226 696 282 763 καὶ
320 691 423 764 οὐδὲν
455 703 536 775 ἴσως
571 695 692 763 κωλύει
724 705 925 784 προσθεῖναι
957 693 1079 783 μικράν

11 860 14 874 .
63 807 216 893 ἱστορίαν
245 803 401 870 ἐνταῦθα.
447 799 613 889 μαθόντες
640 798 704 890 γάρ
722 797 782 869 τὸν
809 799 960 891 χρησμὸν
988 803 1078 870 στέλ-

61 918 182 978 λουσιν
209 912 245 977 οί
269 909 327 995 τής
352 910 537 995 θεοφιλοῦς
555 906 724 996 οἰκήτορες
748 903 872 995 Ῥώμης
899 913 1079 998 πρεσβείαν

63 1014 271 1104 αἰτήσουσαν
298 1011 387 1103 παρὰ
418 1015 487 1082 τῶν
513 1013 694 1103 Περγάμου
728 1014 908 1100 βασιλέων,
942 1020 977 1082 οἳ
1005 1014 1079 1083 τότε

62 1120 227 1211 ἐκράτουν
253 1122 311 1208 τῆς
331 1126 491 1211 Φρυγίας,
510 1122 565 1188 καὶ
592 1117 671 1211 παρ’
701 1116 814 1189 αῦτων
838 1120 875 1189 δὲ
902 1124 969 1189 τῶν
989 1129 1079 1211 Φρυ-

25 1231 134 1313 ιογῦν
161 1230 220 1315 τής
250 1230 336 1296 θεοῦ
367 1225 405 1295 τὸ
444 1223 628 1313 ἁγιώτατον
660 1223 801 1316 άγαλμα.
851 1227 1010 1315 λαβόντες
1042 1226 1121 1296 δέΙ)

62 1326 149 1422 ήγον
176 1331 238 1403 τὸν
257 1330 348 1423 ἱερὸν
376 1334 504 1424 φόρτον
523 1335 677 1414 ἐνθέντες
696 1329 810 1425 εῦρείμ
829 1339 965 1424 φορτίδι
983 1343 1079 1402 πλεῖν

61 1439 208 1522 εὐπετῶς
236 1441 406 1528 δυναμένῃ
433 1437 474 1508 τά
500 1443 647 1509 τοσαῦτα
674 1439 808 1528 πελάγη.
853 1451 1080 1531 περαιωθελσα

62 1547 100 1616 δὲ
130 1547 275 1633 Αίγαιόν
302 1573 336 1615 τε
363 1548 418 1616 καὶ
443 1543 578 1632 Ἰόνιον,
611 1544 681 1614 εἶτα
707 1546 954 1637 περιπλεόσασα
982 1555 1078 1615 Σικε-

10 1746 13 1755 Ι
62 1660 140 1722 λίαν
167 1680 202 1722 τε
228 1654 284 1722 καὶ
315 1650 352 1722 τὶ,
385 1651 562 1743 Τυρρηνὸν
593 1654 735 1738 πέλαγος
767 1655 820 1722 ἐπὶ
851 1647 910 1734 τάς
942 1651 1081 1740 έκβολάς

25 1763 125 1829 τετοῦ
156 1759 323 1849 Τάβριδος
349 1759 521 1849 κατήγετο·
554 1761 610 1828 καὶ
638 1763 742 1849 δήμος
770 1761 907 1848 ἐξεχεῖτο
935 1761 993 1848 τής
1019 1758 1079 1827 πό-

62 1875 145 1949 λεως
176 1863 242 1935 σῦν
272 1869 312 1955 τή
344 1871 518 1958 γερουσίᾳ,
550 1861 708 1954 ὑπήντων
744 1893 781 1953 γε
817 1864 884 1954 μήν
915 1863 979 1956 πρὸ
1012 1867 1080 1933 τῶν

63 1971 174 2043 ἄλλων
212 1977 309 2063 ίερεϊς
345 2000 379 2041 τε
411 1974 465 2041 καὶ
503 1975 618 2062 ίέρειαι
655 1975 757 2040 πῦσαι
794 1973 850 2040 καὶ
886 1972 1005 2052 πάντες
1043 1973 1080 2039 έν

63 2079 177 2171 κόσμῳ
205 2082 251 2172 τῷ
278 2080 438 2169 πρέποντι
465 2076 548 2148 κατά
579 2075 620 2146 τά
647 2078 784 2168 πάτρια,
812 2079 970 2168 μετέωροι
997 2074 1080 2166 πρὸς

62 2184 125 2275 τήν
143 2189 231 2254 ναῦν
255 2182 546 2276 οὐριοδρομοῦσαν
565 2182 819 2272 ἀποβλέποντες,
847 2185 902 2253 καὶ
921 2185 995 2272 περὶ
1013 2180 1133 2271 τήν160

26 2322 50 2363 ιο
63 2293 184 2384 τρόπιν
212 2289 425 2361 άπεσκόπουν
456 2290 494 2360 τὸ
528 2291 651 2381 ῥόθιον
683 2292 885 2380 σχιζομένων
920 2293 989 2358 τῶν
1021 2317 1079 2358 κυ-

63 2399 191 2488 μάτων·
219 2396 289 2468 εἴτα
316 2398 536 2467 είσπλίουσαν
560 2400 747 2479 ἐδεξιοῦντο
774 2395 835 2487 τήν
863 2400 950 2466 ναῦν
978 2416 1079 2484 προσ-

63 2509 248 2586 κυνοῦντες
284 2508 421 2585 ἕκαστος
452 2501 497 2585 ὡς
533 2510 627 2592 ἔτυχε
662 2501 852 2594 προσεστὼς
892 2503 1080 2593 πόρρωθεν.

9 2590 14 2741 ή
63 2609 84 2702 ή
105 2612 143 2681 δὲ
171 2609 280 2701 ὥσπερ
299 2613 512 2692 ἐνδείξασθαι
530 2614 576 2704 τῷ
601 2606 771 2700 Ῥωμαίων
790 2613 956 2681 ἐθέλουσα
975 2609 1080 2701 δήμῳ,

9 2748 11 2757 ·
65 2716 117 2788 ὅτι
149 2716 193 2807 μή
228 2717 350 2799 ξόανον
383 2714 526 2805 άγουσιν
563 2714 628 2786 άπὸ
665 2720 723 2807 τής
756 2723 907 2809 Φρυγίας
938 2714 1080 2804 άφυχον,

9 2842 51 2897 λιι
65 2831 131 2913 ἔχει
160 2823 197 2893 δὲ
225 2822 289 2914 άρα
318 2824 464 2912 δύναμίν
490 2852 566 2894 τινα
594 2830 690 2912 μείζω
708 2826 764 2893 καὶ
790 2826 967 2914 θειοτέραν
995 2820 1013 2892 δ
1038 2819 1079 2910 δή

63 2929 156 3022 παρὰ
182 2934 249 2999 των
269 2934 416 3018 Φρυγῶν
442 2931 601 3019 λαβόντες
628 2934 760 3021 ἔφερον,
789 2928 900 3018 έπειδή
928 2932 990 2999 τοῦ
1016 2929 1080 2997 Τά-

63 3042 182 3129 βριδος
209 3035 332 3125 ήιγατο,
359 3034 421 3126 τήν
452 3041 541 3106 ναῦν
572 3042 705 3125 ἵστησιν
738 3035 847 3128 ὥσπερ
880 3040 1120 3127 ῥιζωθελσανΒ

63 3148 225 3232 ἐξαίφνης
251 3141 334 3213 κατά
367 3147 427 3212 τοῦ
463 3144 637 3233 Τάβριδος.
683 3138 794 3213 εἷλκον
827 3140 870 3233 δή
904 3135 966 3213 οῦν
998 3140 1082 3232 πρὸς

8 3406 16 3429 ·
135 3388 151 3438 5
169 3377 276 3451 μικράν
294 3382 333 3453 Η]
352 3381 455 3452 μικρὸν
473 3403 504 3448 v;
522 3380 625 3452 μικρὸν
644 3379 770 3450 ἱστορίας
788 3386 855 3437 Rsk.
926 3389 958 3436 13
977 3374 1081 3434 Ἰόνιον

64 3454 104 3519 Η]
124 3445 233 3533 ’,λάνιον
269 3515 276 3536 ε
320 3456 352 3504 14
380 3449 531 3537 Τηρρηνόν
548 3450 587 3543 HJ
612 3445 764 3521 Τυρσηνόν
795 3452 799 3517 Ι
832 3447 952 3520 έιιβολάς
971 3450 1009 3517 Η]
1034 3444 1081 3515 έμ-

66 3521 156 3588 βολας
208 3524 241 3571 22
259 3540 296 3581 ως
313 3519 385 3588 Pet]
406 3540 446 3575 ων
514 3525 548 3572 2⁷
571 3535 683 3587 ιστησιν
702 3519 737 3588 H]
757 3520 850 3589 ἵστησι
