2392 3960
501 173 636 226 ORATIO
655 174 677 224 Ι.
1078 171 1099 235 5

80 302 163 385 τοὺς
195 304 405 393 θαρροῦντες
436 317 507 383 τοῖς
543 303 731 388 ἐγκωμίοις;
768 306 818 382 τίς
850 296 892 369 ἀν
925 292 988 369 οὖν
1019 296 1100 388 ἡμῖν

81 407 167 500 ἀρχὴ
197 410 254 478 καὶ
280 408 370 489 τάξις
387 412 449 476 τού
468 408 572 494 λόγον
600 410 730 494 γένοιτο
749 414 921 494 ιιαλλίστη;
950 402 971 495 ἢ
995 410 1100 495 δῆλον

81 513 128 597 ῶς
156 511 176 602 ἡ
205 517 273 583 τῶν
300 514 480 604 προγόνων
511 512 628 603 ἀρετή,
661 511 705 582 δι’
736 511 779 602 ἣν
811 509 938 603 ύπῆρξί
963 533 1017 583 σοι
1044 515 1100 582 καὶ

78 622 118 692 τὸ
146 620 288 713 τοιούτῳ
317 622 491 708 γενέσθαη
524 623 651 710 τροφῆς
679 618 779 690 δὲ
744 648 836 709 οιμαι
863 621 919 690 καὶ
946 625 1141 701 παιδείαςΙ)

52 730 157 817 εὲξῆς
185 727 345 816 προσήκει
372 730 579 855 μνησθῆναι,
611 724 694 816 ἥπερ
722 747 776 795 σοι
803 725 839 795 τὸ
869 736 1024 796 πλεῖστον
1052 731 1132 807 εἰς’

79 833 145 924 τὴν
176 821 396 963 ὑπάρχουσαν
428 830 549 922 ἀρετὴν
582 835 877 921 συνεισηυέγπατο,
909 830 964 921 ἐφ’
995 831 1099 902 ἀπασι

81 941 121 1010 δὲ
147 940 280 1021 τούτοις
313 938 423 1031 ῶσπερ
457 946 671 1030 γνωρίσματα
703 943 771 1008 τῶν
803 943 862 1028 της
889 942 997 1028 ψυχῆς
1025 937 1099 1029 ἀρε-

79 1050 151 1116 τῶν
183 1044 242 1128 τάς
272 1047 406 1136 πράξεις
434 1052 598 1133 διελθεῖν,
631 1047 687 1115 καὶ
714 1047 808 1127 τέλος
835 1048 1025 1115 ἐπιτιθέντα
1052 1047 1099 1138 τῷ

79 1153 171 1244 λόγῳ
204 1151 262 1234 τάς
293 1155 375 1234 ἕξεις
409 1156 573 1240 δηλῶσαι,
610 1150 693 1222 ὅθεν
726 1150 919 1241 ὁρμώμενος
950 1151 990 1221 τά
1022 1151 1099 1220 ιιάλ-

37 1287 67 1328 10
81 1269 177 1328 λιστα
204 1262 272 1327 τῶν
300 1265 408 1349 ἔργων
428 1265 571 1348 ἔδρασας
598 1260 654 1328 καὶ
673 1259 872 1347 ἐβουλεύσω.
909 1258 1016 1351 τούτῳ
1036 1256 1100 1349 γάρ

82 1362 177 1453 οἶμαι
203 1367 259 1434 καὶ
286 1368 354 1434 τῶν
383 1363 647 1434 ἀλλωνπάντων
676 1371 817 1434 διοίσειν
835 1364 896 1434 τὸν
923 1365 1034 1452 λόγον.
1068 1368 1137 1433 οίό

82 1471 145 1559 μὲν
173 1470 236 1560 γὰρ
266 1473 318 1539 ἐπὶ
346 1475 414 1539 τῶν
441 1472 594 1561 πράξεων
621 1476 784 1558 ἵστανται,
813 1469 964 1562 ἀποχρῆν
992 1471 1101 1558 οἰόμε-

81 1604 138 1645 νοι
156 1575 239 1665 πρὸς
258 1577 320 1664 τὴν
347 1584 476 1646 τελείαν
495 1576 665 1666 εὐφημίαν
687 1577 725 1646 τὸ
744 1578 874 1646 τούτων
898 1581 1101 1665 μνησθῆναι,

83 1680 148 1768 ἐγῶ
181 1681 218 1750 δὲ
252 1680 343 1769 οἶμαι
377 1687 449 1750 δεῖν
480 1684 555 1772 περὶ
587 1685 655 1751 τῶν
693 1681 820 1772 ἀρετῶν
852 1682 913 1751 τὸν
945 1692 1102 1752 πλεῖστον

39 1816 69 1857 15
81 1787 187 1874 λόγον
214 1787 435 1876 ποιήσασθαι,
464 1785 523 1876 ἀφ’
556 1779 604 1858 ῶν
632 1785 824 1877 ὁρμώμενος
858 1790 911 1857 ἐπὶ
937 1792 1101 1858 τοσοῦτον

82 1896 152 1962 τῶν
179 1894 451 1983 κατορθωμάτων
479 1886 588 1982 ἦλθες.
629 1893 669 1963 τά
697 1895 758 1983 μὲν
786 1894 849 1986 γὰρ
869 1904 1005 1964 πλεῖστα
1032 1899 1101 1964 τῶν

82 2005 207 2089 ἔργων,
240 1999 362 2087 σχεδδν
396 2000 433 2069 δὲ
465 2000 589 2087 πάντα,
621 2001 702 2088 τύχη
735 2003 792 2069 καὶ
825 2001 1013 2091 δορυφόροι
1045 2003 1101 2071 καὶ

83 2109 296 2195 στρατιωτῶν
324 2106 493 2194 φάλαγγες
520 2107 577 2176 καὶ
594 2105 701 2187 τάξεις
725 2108 852 2176 ίππέων
882 2109 951 2194 [καὶ
978 2110 1099 2196 πεζῶν]

84 2216 370 2301 συγκατορθοῦσι,
397 2211 437 2281 τά
466 2213 504 2282 δὲ
521 2217 579 2300 τῆς
598 2210 714 2302 ἀρετῆς
742 2219 823 2302 ἔργα
851 2213 958 2301 μόνον
977 2217 1014 2284 τί
1031 2217 1101 2284 ἐστι

40 2321 145 2389 νοτοῶ
177 2318 378 2407 δράσαντος,
415 2322 470 2388 καὶ
503 2315 521 2388 δ
555 2322 590 2389 ἐκ
626 2319 757 2388 τούτων
795 2325 931 2401 ἔπαινος
968 2318 1140 2410 ἀληθὴςΒ

83 2423 256 2505 τιαδεστῶς
284 2425 371 2505 ίδιδς
399 2428 466 2494 ἐστι
494 2429 556 2494 τοῦ
574 2423 786 2515 κεκτημένου.
829 2423 957 2496 ούιιοῶν
985 2426 1097 2516 ἐπειδὴ

82 2527 183 2599 ταῦθ’
214 2526 294 2618 ἡμῖν
322 2535 439 2618 σαφῶς
468 2532 652 2621 διῶρισται,
680 2536 748 2601 τῶν
776 2532 887 2620 λόγων
914 2532 1063 2622 ἀρξομαι.

160 2632 197 2704 ‘0
230 2636 291 2724 μὲν
320 2629 382 2706 οὖν
414 2641 482 2707 τῶν
516 2640 662 2708 ἐπαίνων
694 2640 797 2726 νόμος
830 2637 932 2709 οὐδὲν
964 2646 1100 2709 ἔλαττον

83 2744 141 2828 της
167 2749 327 2832 πατρίδος
354 2740 375 2832 ἢ
403 2748 471 2813 τῶν
489 2745 668 2833 προγόνων
687 2742 776 2826 ἀξιοῖ
796 2750 995 2835 μεμνῆσθαι.
1034 2744 1099 2833 ἐγῶ

41 2847 122 2917 τεδδ
154 2846 217 2917 ούκ
250 2848 343 2935 οἶδα,
375 2857 451 2919 τίνα
483 2848 544 2942 χρὴ
577 2854 711 2941 πρῶτον
743 2846 928 2941 ὑπολαβεῖν
954 2859 1099 2944 πατρίδα

82 2952 159 3042 σήν·
189 2960 273 3042 ε”ῖλνη
303 2954 366 3045 γάρ
394 2964 498 3045 μυρία
517 2959 592 3046 περὶ
610 2958 733 3045 ταύτης
761 2956 967 3047 ἀμφισβητεῖ
991 2958 1099 3029 πολὺν

79 3056 145 3148 ἤδη
178 3058 310 3151 χρόνον.
356 3064 413 3131 καὶ
440 3060 460 3150 ἡ
492 3063 554 3151 μὲν
586 3064 810 3152 βασιλεύουσα
842 3069 910 3133 τῶν
942 3061 1098 3135 ἀπάντων
1178 3114 1183 3121 -

80 3165 186 3254 πόλις,
213 3167 320 3260 μήτηρ
349 3160 435 3238 οὖσα
460 3168 500 3258 σὴ
528 3172 584 3238 καί
611 3169 737 3261 τροφὸς
760 3174 815 3240 παὶ
834 3169 897 3260 τὴν
925 3179 1139 3260 βασιλείανῡ

150 3327 226 3390 lav
245 3355 297 3391 ουν
315 3336 351 3408 V]
378 3356 431 3391 ουν
449 3356 487 3390 αν
555 3334 606 3391 2
595 3327 741 3419 ἡνδηῆ
813 3345 845 3394 10
869 3334 960 3410 τούτῳ
978 3339 1100 3410 Η]τον’-

79 3422 137 3487 τρυ
155 3406 193 3470 V,
216 3405 319 3459 τοῦτον
336 3408 387 3460 Mv
458 3410 490 3459 13
512 3401 543 3459 τδ
567 3407 737 3486 μνησθῆναι
759 3403 869 3462 τούτων
893 3411 922 3466 fl,
994 3413 1026 3462 15
1052 3403 1100 3463 ἐπὶ

79 3470 114 3525 τδ
131 3445 310 3526 τοοούτονλῖ
380 3478 411 3527 18
435 3472 484 3526 καλ
506 3474 600 3539 πεζῶν
624 3483 655 3528 ut
679 3477 799 3528 delenda
822 3478 931 3534 inclusi
967 3479 1100 3531 Reiskius

79 3541 241 3607 suspicatur
258 3539 309 3594 παλ
327 3534 407 3608 λόχοι
425 3540 517 3607 πεζῶν
