2392 3960
495 190 631 242 ORATIO
650 191 686 244 11.
1054 193 1096 257 69

74 322 235 407 ἐφαίνετο
264 318 302 387 δέ
320 320 388 386 τῶν
408 321 569 405 βασιλέως
596 324 705 408 ἔργων
728 319 812 411 πρὸς
830 319 870 389 τὰ
888 324 956 389 τῶν
974 317 1096 410 ήρώων

73 422 182 512 πολλὴ
216 426 406 512 ξυγγένεια,
438 426 494 493 ιιαὶ
527 421 631 494 αὐτόν
664 431 792 515 ἔφαμεν
825 424 983 496 ἁπάντων
1015 455 1095 519 προ-
1132 444 1136 451 ’

75 535 196 619 φέρειν
223 535 260 599 ἐν
288 522 316 623 ᾦ
348 532 490 619 μάλιστα
521 535 590 600 τῶν
623 530 733 602 ἄλλων
767 536 903 615 ἕκαστος
931 535 1095 623 διήνεγκε,

74 641 133 708 ιιαὶ
162 636 253 718 ὅπως
280 639 350 705 ἐστὶ
376 641 439 706 τοῦ
471 637 531 725 μὲν
559 635 601 726 δή
635 643 796 726 βασιλέως
829 639 934 710 αὐτοῦ
966 649 1138 729 βασιλι-Ι)

48 745 235 834 εκώτερος,
267 753 301 813 ελ
333 770 399 813 που
436 744 631 833 μεμνήμεθα
666 749 735 814 τῶν
768 750 804 815 ἐν
841 756 1004 840 προοιμίῳ
1038 754 1096 838 ῥη-

74 854 221 937 δέντωυ,
249 853 496 938 ἐπεδείκνυμεν,
524 857 615 920 ἔσται
634 851 671 921 δὲ
695 855 750 920 καλ
769 854 857 940 μάλα
876 845 978 934 αὖθις
997 883 1096 923 κατα-

75 960 192 1046 φανές.
242 961 308 1029 νῶν
345 960 398 1043 δέ,
431 963 462 1025 εί
497 957 676 1045 βούλεσθε,
708 962 749 1027 τὰ
785 962 860 1049 περὶ
896 959 955 1040 τὰς
991 962 1096 1050 μάχας

74 1065 133 1133 καὶ
165 1062 246 1146 τοὺς
276 1067 441 1152 πολέμους
474 1061 684 1155 ἆθρήσωμεν.
735 1073 829 1147 τίνας
862 1058 926 1135 οὖν
949 1064 1096 1156 Ὅμηρος

75 1170 308 1261 διαφερόντως
335 1168 484 1258 ὕμνησεν
507 1166 675 1259 Ἑλλήνων
703 1169 789 1261 ὁμοῦ
815 1176 871 1242 καὶ
899 1175 1095 1264 βαρβάρων;
1122 1176 1128 1187 “

38 1304 63 1345 ιο
76 1275 165 1347 αὐτὰ
193 1271 275 1365 ὑμῖν
303 1275 542 1366 ἀναγνώσομαι
569 1281 637 1346 τῶν
666 1282 756 1347 ἐπῶν
783 1278 823 1347 τὰ
851 1280 1060 1367 καιριώτατα.

162 1409 221 1482 Τίς
247 1399 277 1470 τ’
308 1398 350 1490 ἂρ
376 1405 445 1469 τῶν
473 1398 523 1488 ὅγ’
555 1399 690 1491 ἄριστος
717 1409 787 1490 ἔην,
816 1403 858 1471 σό
886 1431 943 1491 μοι
970 1411 1097 1493 ἔννεπε,
1116 1422 1150 1472 οῦ

933 1515 1070 1598 Μοῦσα,

155 1718 307 1809 Ἀνδρῶν
335 1721 395 1809 μὲν
423 1719 495 1809 μέγ’
526 1718 661 1810 ῶριστος
680 1727 739 1808 ἔην
770 1722 981 1810 Τελαμώνιος
1000 1733 1096 1811 Αἴας,

151 1824 253 1916 ”’οφρ
282 1824 427 1916 Ἀχιλεὺς
445 1827 576 1914 μήνιεν·
606 1824 624 1896 ὁ
653 1827 717 1917 γὰρ
741 1827 828 1897 πολὺ
848 1832 1009 1920 φέρτατος
1028 1833 1096 1918 ήεν.

43 1953 133 2021 υααὶ
163 1943 265 2032 αὖθις
291 1948 375 2040 ὑπὲρ
403 1954 464 2020 τοῦ
495 1958 709 2039 Τελαμωνίου
738 1960 856 2040 φησίν

160 2084 257 2162 Αέας,
286 2073 322 2157 δς
350 2079 424 2165 περὶ
452 2077 513 2164 μὲν
541 2074 640 2162 εἶδος,
668 2078 743 2166 περὶ
771 2072 803 2145 δ’
834 2074 904 2166 ἔργ’
934 2079 1096 2164 ἐτέτυκτο,

164 2185 240 2251 Τῶν
268 2180 378 2252 ἄλλων
405 2185 555 2251 Δαναῶν
582 2180 651 2270 μετ’
682 2178 838 2270 ἀμύμονα
865 2189 1051 2270 Πηλείωνα.
1110 2197 1133 2248 Β

32 2380 35 2385 ,
75 2302 246 2394 Ἑλλήνων
278 2306 339 2394 μὲν
371 2306 413 2395 δή
445 2307 587 2388 τούτους
623 2304 783 2396 ἀρίστους
820 2304 968 2395 ἀφῖχθαί
1002 2329 1097 2395 φησι,

32 2490 35 2499 Ι
79 2416 148 2481 τῶν
181 2412 219 2482 δὲ
251 2409 337 2501 ἀμφὶ
368 2411 448 2494 τοὺς
478 2416 594 2502 Τρῶας
619 2411 760 2503 Ἕκτορα
792 2416 848 2481 καὶ
881 2413 1097 2502 Σαρπηδόνα.

32 2516 247 2607 λυβούλεσθε
284 2511 347 2589 οὖν
388 2517 500 2588 αὐτῶν
540 2518 580 2588 τὰ
621 2519 834 2609 λαμπρότατα
872 2519 1097 2607 ἐπιλεξάμενοι

32 2626 37 2703 Ἰ
80 2628 317 2715 περιαθρῶμεν
347 2625 385 2694 τό
419 2627 575 2714 με’γεθος;
613 2628 669 2694 καὶ
700 2627 765 2716 γάρ
802 2653 872 2708 πως
904 2630 938 2708 ἐς
973 2623 1097 2695 ταύτόν

32 2728 36 2827 '4
79 2753 146 2801 τισι
177 2734 247 2800 τῶν
281 2733 371 2820 [τοῦ]
404 2733 567 2820 βασιλέως
604 2734 804 2822 ξυμφέρεται
836 2731 859 2821 ή
890 2760 925 2801 τε
962 2734 1011 2802 ἐπὶ
1051 2736 1097 2823 τῶ

32 2832 34 2841 ’
80 2841 216 2930 ποταμῷ
243 2841 305 2907 τοῦ
324 2841 461 2926 Πηλέως
488 2838 574 2928 μάχη
602 2841 658 2908 ιιαλ
687 2835 705 2907 ὁ
733 2840 808 2929 περὶ
835 2837 874 2907 τὸ
901 2854 1007 2927 τεῖχος
1029 2841 1098 2905 τῶν

32 2942 34 2947 ’
79 2940 220 3033 Ἀχαιῶυ
260 2945 419 3032 πόλεμος·
465 2954 547 3026 Αἴας
587 2973 622 3014 τε
666 2941 994 3035 ὑπεραγωνιζόμενος
1030 2948 1137 3019 τῶνο

151 3166 164 3213 1
184 3162 242 3213 τῶν
259 3156 358 3242 βασιλέ
360 3179 397 3223 ως
414 3160 485 3228 VM]
504 3179 556 3214 του
543 3158 710 3231 βασιλέως
762 3166 778 3213 3
797 3157 914 3221 ἕκαστος
932 3160 1005 3245 Fen]
1026 3155 1098 3214 ἐκεί-

80 3246 130 3290 νος
199 3223 357 3311 ὁμαλιστα
375 3235 449 3282 cant
468 3232 540 3283 αλ.
611 3234 642 3281 11
660 3230 742 3282 Iliad.
760 3228 789 3296 β,
807 3233 855 3282 761
926 3233 957 3280 12
981 3228 1097 3310 ρινδρῶν

80 3294 150 3381 VM]
175 3290 272 3349 αότόν
295 3296 402 3363 (Hom.)
473 3294 562 3364 1322}
564 3297 592 3417 2
620 3291 651 3349 δ’
675 3285 715 3350 αὖ
739 3303 814 3350 eant
838 3299 929 3356 etfl„
954 3286 993 3349 αὖ
1016 3298 1096 3347 Hom.

82 3358 270 3432 14αγιλλεός
288 3367 346 3417 VM
416 3368 450 3417 16
469 3361 674 3433 ἐργαττυκτο
692 3368 772 3417 Hom.
831 3368 862 3417 18
881 3362 1013 3431 φησὶνΤ
1064 3367 1096 3414 22

81 3430 151 3501 τισι]
169 3449 199 3485 τι
218 3430 251 3498 V]
269 3432 322 3486 τοῦ
341 3439 499 3565 suffectum
517 3440 574 3496 est3
592 3448 709 3499 namque
727 3435 757 3484 in
774 3434 827 3484 hae
846 3432 954 3498 quidem
971 3433 1097 3482 oratione

81 3499 206 3553 lulianus
224 3501 360 3553 vocabulo
397 3495 524 3566 ασιλεός,
542 3502 591 3552 ubi
609 3502 642 3553 de
661 3501 826 3552 Constantio
843 3501 975 3565 loquitur,
993 3501 1097 3549 articu-

83 3566 138 3619 lum
155 3584 211 3620 non
229 3568 343 3620 videtur
360 3569 499 3621 addidisse
