2392 3960
460 213 597 264 ORATIO
615 212 691 262 τιτι.
1011 209 1074 275 323
1124 234 1128 238 -

57 341 124 431 γάρ
156 339 245 421 εἰκός
278 339 384 429 άνδρα
422 338 543 409 ἑαυτὸν
580 341 800 429 ἐπιτρέψαντα
832 343 877 430 τῷ
911 347 1075 427 κρείττονι

57 448 271 517 παντάπασιν
299 445 508 534 ἀμεληθῆναι
536 448 590 513 καὶ
614 449 880 533 καταλειφθῆναι
908 448 1076 527 παντελῶς

58 561 198 644 ἔρημον
233 550 305 621 ἀλλ’
336 550 442 621 αῦτοῦ
470 554 526 620 καί
555 548 569 620 ι’
599 551 680 633 θεὸς
707 567 800 641 χεῖρα
829 550 887 639 έῆν
914 548 1074 641 ὑπερέσχε
1093 556 1131 617 Β’

58 662 115 728 καλ
143 659 272 748 θάρσος
300 665 418 727 δίδωσι
446 661 502 727 καὶ
521 660 620 746 μένος
643 661 761 747 έμπνεί
785 657 904 726 καὶτὰ
931 660 1076 747 πρακτέα

31 773 198 853 umnam
232 767 284 834 ἐπὶ
312 769 398 834 νοῦν
430 767 485 834 καὶ
513 768 581 832 τῶν
613 762 657 853 μῆ
684 768 858 853 πρακτέων
886 761 1075 852 άφίστῆσιν.

60 871 171 940 εἵπετό
204 899 254 940 τοι
288 874 342 939 καὶ
371 872 543 960 Σωκράτει
576 877 734 958 δαιμονία
767 868 864 958 φωνῆ
898 870 1093 940 κωλύουσα

59 973 217 1067 πράττειν
247 975 312 1049 ὅσα
349 976 392 1065 μῆ
425 976 533 1067 χρεων
564 969 620 1065 ῆν
659 979 743 1064 φησὶ
776 976 813 1045 δέ
849 979 904 1044 καὶ
930 973 1076 1066 Ὅμηρος

60 1081 145 1173 ὑπὲρ
176 1080 357 1170 Ἀχιλλέως·
393 1088 445 1174 Τῷ
475 1082 537 1172 γάρ
571 1085 623 1152 ἐπὶ
652 1085 750 1171 φρεσὶ
782 1086 903 1170 θῆκεν,
938 1079 982 1162 ῦς
1014 1086 1077 1152 τοῦ
1162 1119 1165 1122 >

60 1194 148 1258 θεοῦ
179 1192 235 1257 καὶ
267 1189 325 1269 τάς
358 1192 490 1269 ἐννοίας
521 1186 619 1278 ῆμιῦν
649 1189 863 1278 ἐγείροντος,
889 1187 971 1257 όταν
1008 1193 1076 1258 έπι-

21 1327 46 1366 ιο
61 1299 205 1386 στρέψας
233 1292 351 1376 όνοῦς
379 1302 426 1376 είς
445 1295 567 1365 ἑαυτὸν
594 1292 684 1386 αὐτῷ
713 1323 747 1363 τε
770 1295 933 1384 πρότερον
961 1299 1076 1382 ξυγγέ-

59 1431 159 1489 νῆται
195 1403 250 1470 καὶ
281 1405 327 1493 τῷ
364 1406 433 1492 θεῷ
467 1399 512 1470 δι’
548 1405 670 1471 ἑαυτοῦ
706 1403 829 1490 μόνον,
865 1403 1077 1490 κωλυόμενος

59 1505 120 1577 ὑπ’
152 1504 300 1588 οὐδενός.
347 1506 389 1576 οῦ
416 1507 480 1598 γάρ
509 1505 611 1595 άκοῆς
639 1504 656 1577 ὁ
685 1512 768 1589 νοῦς
796 1514 900 1578 δεῖται
927 1506 1011 1598 πρὸς
1037 1507 1115 1578 vac

60 1621 194 1702 μαθεῖν’
218 1611 299 1682 οῦδὲ
331 1612 398 1702 μῆν
432 1611 449 1682 ὁ
483 1612 563 1695 θεὸς
600 1619 717 1702 φωνῆς
752 1612 837 1704 πρὸς
868 1613 906 1681 τὸ
931 1614 1077 1696 ’διδάξαι

60 1720 101 1788 τά
129 1722 263 1800 δέοντα·Ι
290 1716 362 1788 ἀλλ’
393 1720 583 1808 αἰσθήσεως
601 1723 662 1801 ἔξω
681 1720 789 1806 πάσης
807 1718 872 1787 άπὸ
892 1724 953 1787 τοῦ
971 1727 1077 1806 κρείτ-

10 1852 160 1909 Ιιττονος
186 1822 207 1912 ῆ
240 1832 399 1913 μετουσία
432 1833 559 1913 γίνεται
586 1828 633 1915 τῷ
660 1827 722 1915 νῷ·
755 1830 831 1891 τίνα
862 1825 923 1912 μέν
950 1825 1077 1914 τρόπον

60 1933 117 2000 καλ
145 1929 235 2010 ὅπως
262 1929 303 1998 οῦ
333 1928 434 2017 σχολῆ
463 1932 529 1999 νῦν
557 1931 728 2015 ἐπεξιέναι,
755 1926 844 1997 τὸδ’
876 1928 925 1998 ὅτι
949 1937 1077 2017 γίνεται

10 2022 15 2101 Ξ
62 2040 160 2124 δῆλοι
186 2036 243 2105 καὶ
262 2051 380 2123 σαφεῖς
399 2040 437 2104 οί
459 2033 631 2126 μάρτυρες,
660 2032 721 2104 οῦκ
740 2033 860 2116 άδοξοί
883 2061 971 2117 τινες
999 2034 1073 2106 οὐδ’
1109 2036 1114 2051 ’

10 2146 16 2191 ='
62 2145 98 2211 έν
125 2144 167 2230 τῆ
194 2146 381 2230 Μεγαρέων
414 2140 501 2223 άξιοι
532 2142 710 2210 τάττεσθαι
738 2147 863 2232 μερίδι,
896 2139 981 2212 άλλά
1008 2147 1076 2213 τάν
1093 2156 1119 2210 D

62 2246 339 2335 άπενεγκαμένων
366 2250 419 2316 ἐπὶ
447 2255 552 2340 σοφίᾳ
579 2246 619 2316 τά
641 2251 766 2338 πρῶτα.
808 2245 934 2317 οὐκοῦν
962 2249 1075 2338 έπειδῆ

10 2353 123 2521 ῆιιχρῆ
156 2357 349 2442 προσδοκᾶν
381 2356 437 2422 καὶ
468 2352 554 2424 θεόν
585 2350 666 2442 ῆμῑν
702 2357 907 2443 παρέσεσθαι
943 2355 1077 2437 πάντως
1150 2361 1153 2364 ’

10 2524 16 2533 ,
61 2462 117 2530 καὶ
144 2455 230 2548 ῆμάς
248 2457 373 2541 αὐτοῦς
392 2456 506 2542 αῦτοίς
524 2463 737 2547 συνέσεσθαι,
764 2458 801 2529 τῦ
821 2449 898 2529 λίαν
917 2462 1076 2551 δυσχερὲς

60 2567 262 2655 αφαιρετέον
289 2568 358 2634 ἐστὶ
390 2569 448 2655 τῆς
480 2567 594 2653 λάπης.
641 2569 710 2635 ἐπεὶ
738 2569 794 2635 καὶ
826 2564 887 2636 τὸν
912 2565 1076 2637 Ὀδυσσέα

10 2544 101 2789 ῆ’
59 2673 169 2778 μόνον
196 2675 233 2740 έν
260 2675 299 2761 τῆ
326 2672 417 2764 νῆσμ
450 2674 744 2761 καθειργμένον
728 2671 808 2742 επτά
840 2673 919 2755 τοῦς
951 2675 1101 2756 πάντας

10 2794 15 2807 “
59 2779 251 2864 ἐνιαυτούς,
285 2776 343 2847 εἶτ’
379 2776 604 2868 ὀδυρόμενον,
635 2783 693 2867 τῆς
724 2778 787 2867 μεν
819 2777 919 2867 άλλῆς
951 2783 1075 2850 έπαινῶ

10 2866 254 2975 δικαρτερίας,
294 2888 362 2953 τῶν
401 2885 542 2974 θρήνων
584 2884 634 2955 δε
658 2882 721 2954 οὐκ
758 2883 891 2974 άναμαι.
936 2893 972 2954 τί
1006 2884 1129 2976 γάρεοο

10 2982 22 3099 ῆ
58 2990 184 3081 ὄφελος
214 2990 340 3060 πόντον
367 2988 464 3059 έπ’ί
450 2989 629 3079 ἰχθυόεντα
657 2994 837 3082 δέρκεσθαι
869 2995 926 3061 καὶ
952 2999 1075 3081 λείβειν

10 3138 17 3193 ι,
57 3099 209 3188 δάκρυα;
236 3095 274 3165 τὸ
303 3097 339 3165 δέ
367 3096 412 3185 μῆ
439 3102 603 3187 προέσθαι
627 3094 706 3186 μηδ’
738 3095 973 3187 ἀπαγορεῦσαι·
993 3098 1077 3188 πρὸς

130 3303 230 3363 36..
240 3327 285 3376 ,χε
303 3313 327 3362 V
346 3304 499 3377 (ὑπερέσχε
512 3313 659 3392 expletum
678 3313 734 3363 alia
752 3311 854 3376 manu).
892 3313 988 3363 Sumta
1006 3313 1076 3363 haec

10 3420 13 3447 :
56 3386 126 3432 sunt
145 3395 180 3428 ex
197 3376 276 3428 Iliad
296 3396 314 3440 ι,
332 3381 383 3430 420
451 3378 524 3448 8τῷ
541 3373 647 3446 γάρ-
665 3376 774 3447 θῆκεν]
793 3380 873 3435 Iliad
893 3397 920 3445 α,
940 3383 973 3431 55
1043 3382 1074 3430 12

10 3492 20 3541 ,-
55 3440 93 3501 06
113 3439 171 3529 ῆάρ
154 3443 229 3511 ρΜ]
255 3415 325 3498 οὐδὲ
348 3438 421 3526 γάρ.
443 3433 656 3579 ὲΝοιιέιιιλὲἱιι]
610 3465 644 3500 ex
661 3448 715 3498 hoo
738 3449 799 3498 loco
819 3419 1075 3566 οιρὲιμμίένθμὶδοε

10 3591 13 3601 ·
55 3515 356 3648 '.32‘33231‘0.1..{.³
370 3504 445 3647 ζ”ῦ
478 3531 498 3580 μ
501 3531 546 3632 '²2⁹⁷
563 3530 729 3647 ...23:526
727 3531 798 3647 661]
817 3519 989 3649 ιιαιιιιτ

807 3664 861 3702 οι*
