2370 3908
125 132 189 198 594
425 135 836 188 1UL1AN11MPERATORIS

80 332 119 371 142
209 305 284 392 [οβ’.
319 311 499 396 Λιβανίφ
522 309 692 394 σοφιστῇ
714 305 780 374 καλ
802 310 1065 397 κοιαίστιορι]

208 445 266 526 Ὡς
293 445 406 534 όόνησέ
429 474 467 533 γε
492 447 530 515 τὸ
560 446 720 535 σύνθημα
742 445 824 535 ἡμῖν
846 449 1033 536 μελλῆσαν·
1069 445 1133 517 ιἰνιλ

125 555 188 642 γὰρ
215 556 276 621 τοῦ
302 553 435 641 τρέμειν
460 554 516 622 καὶ
545 554 692 621 δεδιέναι
714 552 906 642 φερόμενον
929 554 982 622 ἐπὶ
1004 558 1064 643 τῆς
1086 559 1133 643 δη-

124 666 243 747 μοσίας
266 655 395 746 ἀπήνης
416 658 471 727 καὶ
494 665 732 747 περιπίπτοντα
750 661 983 747 κραιπαλῶσιν
1002 657 1135 750 όρεωιιό

124 793 199 853 μοις
220 765 276 833 καί
299 764 453 853 ἡμιόνοις
476 764 678 854 ἆκοστήσασι
695 763 938 856 καθ’Ὅμηρον
957 764 1005 836 δι’
1023 765 1149 857 αἰρφίανι

123 872 179 939 καί
203 869 400 961 πλησμονὴν
422 867 602 958 ἀνέχεσθαι
624 875 804 961 κονιορτοῦ
827 873 883 941 καὶ
906 876 1026 963 φωνῆς
1049 871 1136 943 ιἰλλο·

124 977 225 1048 κότον
251 981 306 1048 καὶ
330 978 446 1066 ψόφου
468 982 639 1067 μαστίγων
662 983 811 1064 βαδίζειν
835 978 887 1046 ἐπὶ
910 982 1035 1067 σχολῆς
1058 1006 1135 1070 περι

125 1085 200 1173 ε’στη
229 1113 286 1173 μοι
315 1082 360 1154 δι’
386 1082 472 1153 ὁδοῦ
500 1088 714 1173 συνηρεφοῦς
740 1085 796 1154 καὶ
819 1086 992 1175 ἐπισκίου,
1020 1084 1135 1167 πολλὰς

124 1190 186 1277 μὲν
204 1190 340 1279 κρήνας,
363 1190 487 1271 πολλὰς
506 1191 544 1258 δὲ
563 1190 704 1278 ἐχούσης
721 1191 917 1280 καταγωγὰς
936 1195 1135 1283 ἐπιτηδείους

124 1299 163 1383 τῇ
200 1294 271 1387 όόρςι
308 1295 429 1384 μεταξὺ
464 1295 525 1365 τὸν
561 1295 667 1366 κόπον
700 1291 961 1388 διαναπαύοντι,
998 1304 1056 1371 ἵνα
1079 1328 1134 1390 Ιμοι

124 1410 245 1491 φανείη
282 1403 461 1483 κατάλυσις
496 1401 641 1484 εὔπνους
676 1429 711 1471 τε
747 1404 803 1472 καὶ
840 1401 1040 1496 ἀμφιλαφὴς
1076 1405 1132 1476 δπδ

125 1511 304 1590 πλατάνοις
334 1511 423 1579 τισὶν
449 1506 470 1598 ἢ
498 1516 725 1598 κυπαρίττοις,
756 1511 818 1579 τὸν
852 1516 1008 1604 Φαίδρου
1035 1518 1133 1602 ἔχοντι

128 1619 165 1685 ἐν
193 1618 285 1706 χερσὶ
312 1616 373 1685 τὸν
396 1616 657 1705 Μυρρινούσιον
683 1613 704 1704 ἢ
728 1616 843 1706 ἕτερόν
863 1645 941 1689 τινα
962 1625 1035 1693 τῶν
1055 1620 1132 1691 uld-

127 1750 234 1803 τωνος
256 1722 377 1808 λόγων.
421 1721 526 1790 ταῦτά
547 1749 616 1808 τοι,
630 1715 670 1791 ολ
693 1728 774 1810 φίλη
797 1724 940 1815 κεφαλή,
962 1723 1132 1799 ἀπολούων

127 1834 186 1916 τῆς
218 1829 399 1916 ἐλευθέρου
431 1826 641 1917 ὁδοιπορίας,
678 1826 804 1898 όιτοπον
835 1827 1008 1920 ὑπέλαβον
1034 1834 1072 1905 τὸ
1097 1832 1162 1923 μὴν

127 1935 182 2002 καὶ
205 1938 304 2003 τοῦτο
328 1933 563 2004 κοινώσασδαί
582 1953 636 2002 σοι
659 1935 715 2003 καὶ
738 1934 960 2025 ιἰποσημῆνοιι

84 2086 125 2174 uu
365 2111 422 2197 ον’.
468 2107 664 2201 Εὐκλείδη
688 2112 913 2206 φιλοσόφφ,

214 2252 304 2321 Πότε
330 2253 395 2341 γὰρ
423 2250 519 2340 ἡμῶν
542 2250 762 2341 ἀπελείφθης,
789 2258 847 2323 λνοι
870 2255 926 2323 καλ
948 2254 1142 2347 γράφοιμεν,

125 2357 247 2449 ἢπότε
271 2357 345 2448 οὐχὶ
369 2361 466 2451 (τοῖς)
492 2363 553 2447 τῆς
571 2363 684 2447 ’ψυχῆς
710 2359 902 2449 ὀφθαλμοῖς
923 2360 970 2442 ὥς
990 2364 1172 2454 παρόντοιν

125 2487 162 2535 σε
189 2471 403 2555 δεφροῦμενς
437 2469 473 2534 οἳ
497 2491 535 2551 γε
563 2463 605 2534 ori
627 2465 736 2554 μόνον
759 2463 815 2537 ιἰεί
833 2486 889 2537 σοι
911 2481 1067 2539 συνεῖναι
1088 2472 1143 2539 κοιλ

194 2685 207 2732 1
231 2682 396 2748 κοιαίστοορι
414 2681 467 2747 Ph]
496 2681 676 2747 κονοιίστορι.
710 2682 773 2738 vid.
792 2683 883 2749 Epist.
900 2684 934 2735 97
950 2688 979 2735 ot
995 2684 1035 2735 ud
1052 2684 1140 2751 Epist.

126 2753 158 2799 14
183 2755 265 2816 atque
290 2765 358 2816 quos
381 2751 461 2800 affert
484 2749 679 2814 grammaticos
702 2750 735 2800 L.
754 2748 913 2803 Dindorfius
935 2750 1029 2805 Pruuf.
1046 2752 1141 2821 Polyb.

124 2818 187 2870 Vol.
207 2820 230 2870 1.
257 2835 283 2883 p.
303 2817 400 2873 XLIV.
436 2819 504 2869 Post
522 2816 688 2882 κοιαίστωρι
707 2816 748 2868 Ph
766 2818 843 2868 addit
856 2811 1009 2887 Ἰουλιανῷ
1028 2810 1140 2875 Eucti·

123 2885 193 2945 θιος
212 2878 380 2952 φιλόσοφος.
453 2887 469 2936 2
495 2879 578 2951 ἡμῶν
594 2884 648 2935 Pkl
721 2889 736 2938 7
762 2876 865 2951 ψόφου
882 2883 1032 2953 μαστίγων
1052 2888 1094 2940 Ph
1113 2895 1142 2941 st

124 2954 267 3004 Parisinus
285 2951 345 3020 967]
372 2945 474 3032 ψόφου
498 2949 548 3004 καλ
572 2952 718 3017 μαστίγων
804 2954 899 3005 'sets
927 2946 1067 3023 περιλοτη
1089 2955 1140 3021 Pu}

124 3019 252 3084 περίεστι
333 3025 363 3072 10
389 3037 481 3073 κοπον
499 3017 576 3085 Rsk.]
605 3014 696 3072 τόπον
712 3021 875 3099 Quirinus,
910 3016 1004 3101 sung
1021 3022 1098 3075 Phkl
1114 3029 1143 3077 et

124 3089 270 3139 Parisinus
288 3087 357 3153 9671
374 3087 424 3143 λ’να
442 3090 586 3140 Parisinus
603 3085 666 3154 967]
687 3086 716 3139 ἵν
746 3105 784 3138 αν
801 3089 889 3153 Phkl,
906 3086 958 3143 ἵνα
975 3105 1015 3143 οιν
1032 3106 1053 3141 v
1108 3092 1141 3143 11

125 3151 205 3220 φανῇ
231 3157 316 3206 Hrch.
404 3161 435 3208 13
466 3151 496 3208 ἐν
520 3153 618 3222 χερσὶν
636 3151 730 3221 ἔχοντι
748 3144 768 3220 ἢ
785 3146 836 3209 τόν
854 3148 1062 3224 μυρρινοόσιον
1090 3158 1143 3214 Ph.

124 3222 251 3273 Delerem
271 3218 321 3274 τόν
335 3215 552 3289 Μυρρινούσιον
570 3224 661 3288 inepte
680 3223 802 3275 additum
820 3225 855 3275 ud
866 3223 998 3291 Φαῖδρον
1009 3224 1046 3277 (le
1058 3226 1141 3293 libro,

124 3306 178 3341 non
199 3291 232 3341 de
251 3290 357 3341 homins
374 3292 491 3352 dictum,
510 3292 533 3342 si
551 3306 647 3341 verum
663 3291 710 3341 hic
727 3291 890 3344 haberemus
906 3292 1065 3359 Iulianum!
1081 3288 1142 3347 ἕτε-

142 3350 175 3409 όν
193 3375 259 3410 τινα
277 3355 330 3425 Ph]
357 3353 442 3425 ἕτεροί
459 3374 525 3409 τινα
596 3360 628 3409 14
650 3374 695 3410 τοι
713 3353 753 3425 Η]
773 3374 818 3411 σοι
849 3358 859 3425 ΙΙ
888 3356 973 3426 φίλη]
997 3358 1072 3429 φίλη
1089 3358 1141 3413 κοιλ

124 3376 187 3490 λερόι
205 3427 247 3477 Ph
317 3428 349 3477 15
367 3418 523 3491 ἐλευθέρας
541 3426 595 3475 Pkl
665 3428 696 3477 16
715 3439 759 3477 σοι
778 3426 829 3495 Ph]
847 3442 879 3480 τε
946 3430 982 3481 90
998 3430 1062 3491 τοῖς
1078 3428 1140 3481 suu.

124 3493 208 3544 Hrch.
278 3495 310 3544 21
330 3490 364 3544 οἵ
376 3509 409 3561 ηε
428 3491 563 3559 Sintenis]
584 3492 617 3545 οἵ
629 3509 661 3561 γε
680 3479 732 3546 οὖν
