2392 3960
36 40 159 79 R-ffffi't'·
170 42 173 47 '
183 42 191 51 ¹
206 40 209 43 ’

506 173 643 226 οοενεο
662 176 709 226 1v.
1052 175 1112 239 199

92 298 179 370 κατά
211 297 269 380 τάς
300 300 479 390 περιόδους
515 297 621 370 αὐτοῦ
652 302 760 371 πάντα
796 299 836 370 τά
870 300 1023 390 φυόμενα
1055 305 1111 372 καὶ

92 406 136 476 τὰ
166 409 392 476 παντοδαπῶν
431 406 524 499 ζῴοιν
560 410 651 494 φῦλα
684 423 822 494 κινεῖται
855 407 938 499 πρὸς
971 405 1111 496 άπογέν-

92 533 194 601 νησιν
226 515 288 581 τοῦ
319 509 447 601 ὁμοίου.
498 520 533 581 τί
561 511 623 603 χρή
660 511 719 596 τάς
750 512 885 597 ἀκτῖνας
917 511 1024 584 αὐτοῦ
1055 518 1146 585 uuio

92 618 131 689 τὸ
160 622 233 707 φῶς
266 623 444 707 σεμνόναι;
476 617 537 701 νὺξ
570 623 655 707 γοῦν
687 618 848 710 άσέληνός
878 649 913 690 τε
947 622 1003 690 καὶ
1031 620 1111 691 άνα-

68 763 81 803 5
97 747 198 815 στρος
216 722 305 806 ὅπως
324 727 393 794 ἐστὶ
412 727 551 816 φοβερά,
579 717 644 816 άρα
662 730 774 796 ένυοεῐ
793 755 852 814 τις,
880 725 921 796 ἵν’
943 729 1112 815 ἐντεῦθεν,

93 828 223 903 ὁπόσον
243 837 360 920 ἔχομεν
379 829 513 918 άγαθὸν
541 835 573 914 ἐξ
601 829 700 920 ήλίου
718 831 756 901 τὸ
785 836 867 920 φῶς,
895 834 1110 925 τεκμήρηται;

92 942 194 1008 τοῦτο
227 937 264 1006 δὲ
297 935 379 1008 αὐτὸ
412 938 547 1026 συνεχὲς
583 940 737 1030 παρέχων
773 940 830 1008 καὶ
861 936 1112 1028 άμεσολάβητον

92 1046 191 1114 νυκτὶ
219 1047 255 1113 έν
284 1040 334 1126 οἷς
361 1042 423 1135 χρή
450 1045 564 1126 τόποις
587 1042 652 1114 άπὸ
681 1049 738 1134 τής
766 1045 906 1134 σελήνης
932 1060 1002 1127 τοῖς
1029 1044 1111 1134 άνω,

93 1154 276 1241 ἐκεχειρίαν
303 1149 384 1240 ἡμῖν
413 1149 469 1220 διά
496 1155 554 1240 τής
582 1150 704 1234 νυκτὸς
731 1155 799 1221 τῶν
826 1152 942 1222 πόνων
962 1158 1112 1223 δίδωσιν.

52 1294 79 1334 10
94 1254 197 1326 οὐδὲν
229 1253 272 1326 όὶν
300 1260 430 1344 γένοιτο
458 1260 559 1346 πέρας
585 1261 646 1328 τοτ’
674 1258 793 1345 λόγου,
822 1265 854 1328 εί
878 1259 988 1328 πάντα
1021 1261 1111 1341 ἐπεξ-

94 1366 182 1432 ιέναι
209 1390 257 1444 τις
280 1365 448 1453 ἐθελήσειε
475 1362 516 1432 τά
538 1368 685 1433 τοιαῦτα.
730 1368 768 1433 ἓν
795 1364 860 1455 γὰρ
889 1362 993 1435 οὐδέν
1021 1368 1155 1438 έστινΙ)

94 1467 229 1557 άγαθὸν
256 1469 338 1539 κατά
365 1469 425 1540 τὸν
452 1478 540 1559 βίον,
569 1468 587 1540 ὃ
615 1470 659 1560 μή
687 1469 777 1562 παρὰ
808 1474 871 1541 τοῦ
897 1475 983 1541 θεοῦ
1010 1474 1112 1541 τοῦδε

93 1576 253 1664 λαβόντες
290 1583 421 1665 ἔχομεν,
458 1575 532 1666 ήτοι
562 1576 652 1668 παρά
684 1576 792 1666 μόνου
823 1580 968 1664 τέλειον,
1000 1574 1021 1666 ή
1055 1576 1112 1647 διὰ

93 1687 163 1752 τῶν
190 1680 300 1751 άλλων
327 1687 419 1752 θεῶν
446 1681 525 1773 παρ’
556 1681 662 1754 αὐτοῦ
688 1684 927 1772 τελειοόμενον.

54 1827 81 1866 15
173 1785 271 1877 Ἡμῖν
304 1791 343 1858 δέ
374 1792 464 1858 ἐστιν
496 1786 640 1879 άρχηγὸς
672 1792 727 1859 καὶ
758 1794 817 1880 τής
848 1791 983 1872 πόλεως.
1030 1795 1115 1859 οίκεῖ

96 1899 182 1982 γοῦν
210 1893 313 1983 αὐτῆς
332 1893 373 1964 οὐ
400 1894 461 1984 τήν
489 1893 672 1986 άκρόπολιν
690 1896 796 1984 μόνον
824 1897 904 1986 μετά
931 1900 989 1986 τής
1014 1894 1112 1985 Ἀθη-

94 2005 157 2084 νόις
184 2003 240 2072 καὶ
265 1999 462 2092 Ἀφροδίτης
490 2002 575 2084 Ζεὺς
607 1999 625 2072 ό
648 2002 784 2072 πάντων
810 2000 917 2093 πατήρ
945 1999 1112 2090 ὑμνούμε-

94 2137 166 2196 νος,
185 2106 267 2177 άλλά
294 2110 350 2177 καὶ
375 2106 542 2179 Ἀπόλλων
570 2111 622 2178 ἐπὶ
650 2112 695 2200 τῷ
714 2115 911 2201 Παλλαντίῳ
939 2109 1033 2199 λόφῳ
1057 2111 1113 2177 καὶ

87 2213 203 2296 Ἥλιος
222 2212 323 2295 αὐτὸς
346 2219 445 2284 τοῦτο
473 2215 591 2285 κοινὸν
620 2213 727 2303 όνομα
750 2218 831 2284 πᾶσι
858 2216 914 2285 καὶ
933 2215 1113 2305 γνώριμον.

54 2361 81 2400 20
96 2319 187 2402 ὅπως
206 2321 243 2390 δὲ
261 2317 351 2412 αὐτῷ
369 2323 476 2410 πάντη
496 2323 552 2392 καὶ
569 2322 678 2391 πάντα
696 2321 907 2412 προσήκομεν
926 2325 961 2390 οἱ
982 2317 1166 2408 ‘Pom-154

94 2434 187 2497 λίδαι
214 2429 322 2497 τεκαὶ
350 2429 524 2516 Αίνεάδαι,
542 2426 648 2499 πολλά
667 2434 752 2517 ἔχων
780 2433 886 2497 εἰπεῖν
905 2429 969 2517 ἐρῶ
988 2428 1113 2516 βραχέα

95 2533 136 2604 τά
165 2533 412 2623 γνωριμώτατα.
459 2537 586 2622 γέγονε,
619 2541 735 2623 φασίν,
768 2537 800 2616 ἐξ
828 2531 1025 2623 Ἀφροδίτης
1052 2538 1113 2603 Αί-

96 2648 203 2728 νείας,
244 2639 327 2730 ήπερ
366 2642 458 2710 ἐστὶν
499 2638 670 2732 ὑπουργὸς
706 2637 807 2732 Ἡλίῳ
849 2643 903 2710 καὶ
941 2639 1114 2729 συγγενής.

97 2745 204 2818 αὐτὸν
236 2746 273 2816 δὲ
305 2745 364 2816 τὸν
396 2745 532 2836 κτιστήν
567 2744 662 2837 ήμῶν
693 2750 752 2836 τῆς
788 2748 914 2828 πόλεως
937 2744 1061 2837 ’Ἀρέως
1092 2741 1112 2834 ή

53 2891 82 2932 25
97 2855 193 2944 φήμη
212 2854 383 2943 παρέδωκε
410 2859 524 2941 παῖδα,
542 2855 745 2942 πιστουμένη
773 2852 807 2923 τί
836 2853 1027 2943 παράδοξον
1045 2855 1114 2921 τῶν

97 2961 210 3048 λόγων
239 2958 295 3028 διὰ
322 2964 390 3028 τῶν
418 2957 559 3050 ὕστερον
587 2959 935 3048 ἐπακολουθησάντων
959 2964 1114 3047 σημείων.

96 3065 220 3155 ὑπέσχε
247 3064 311 3155 γάρ
339 3063 440 3159 αὐτῷ,
460 3074 554 3153 φασί,
578 3065 682 3155 μαζὸν
699 3066 820 3154 θήλεια
843 3066 952 3145 λάκος.
993 3063 1058 3150 ἐγώ
1078 3065 1115 3134 δέ

185 3287 201 3336 6
224 3280 349 3351 φοβερόν
373 3285 482 3336 MbEF
568 3285 585 3335 8
608 3286 668 3344 τοῖς
687 3275 748 3335 άνιο
766 3281 861 3351 MbE]
885 3281 936 3348 τῆς
954 3277 1014 3335 άνο)
1084 3286 1116 3332 10

98 3347 246 3417 ἐπεξιέναι
269 3351 311 3417 Η]
341 3344 455 3404 ἐπιέναι
543 3355 573 3403 11
599 3346 633 3403 ἓν
656 3349 730 3417 libri]
757 3350 807 3403 καλ
895 3353 926 3401 12
952 3349 1040 3402 τοῦδε
1065 3346 1116 3401 τοῦ

99 3419 176 3474 θεοό
194 3415 351 3485 λαμβάνειν
369 3420 435 3471 libri
503 3417 649 3486 τοιοῦτο]
668 3418 752 3472 τοῦτο
770 3413 803 3471 τό
822 3421 850 3470 Η
871 3417 875 3483 Ι
896 3417 967 3469 πάσι
985 3414 1046 3481 καλ]
1066 3414 1116 3468 καὶ

98 3489 172 3540 πᾶσι
190 3488 259 3539 Rsk.
346 3491 379 3539 20
401 3485 496 3556 πάντη
514 3483 637 3554 Marcii]
660 3483 748 3538 παντὶ
834 3491 866 3538 21
889 3502 919 3538 τε
937 3482 1061 3551 MbEF]
1082 3479 1116 3537 δὲ

99 3560 134 3608 24
154 3548 204 3608 τόν
222 3548 340 3622 κτιστήν
359 3554 433 3623 libri]
452 3548 572 3623 κτιστήν
639 3557 672 3607 27
692 3553 768 3620 φασί
781 3551 820 3622 Η]
841 3553 916 3621 φησί
