2392 3960
490 158 625 210 οοιυιο
644 160 691 211 1v.
1032 159 1093 223 183

76 313 112 355 τε
139 289 272 374 νοητῶυ
295 288 352 354 καὶ
379 288 448 353 νῦν
476 287 662 373 ἐγκοσμίων
680 290 772 355 θεῶν
798 291 1009 376 παρίστησιν,
1038 289 1091 356 ἐπὶ

75 391 140 480 τῆν
166 397 359 461 τελευταίαν
387 389 492 459 αῦτοῦ
510 397 672 479 μετίωμεν
691 394 822 480 ἐμφανῆ
843 394 945 480 λῆξιν.
977 392 1091 483 πρότη
1161 470 1165 477 ,

77 498 140 585 μὲν
168 489 232 566 οῦν
259 500 349 566 ἐστιν
383 493 488 566 αὐτοῦ
520 499 588 565 τῶν
620 499 694 587 περὶ
728 496 787 566 τὸν
815 508 1005 568 τελευταῖον
1036 499 1092 568 κό-

48 707 141 798 ετῆν
169 711 265 778 ίδέαυ
296 711 352 778 καὶ
379 706 441 797 τῆν
468 705 653 778 ὑπόστασιν
686 715 820 796 ἔχουσα·
854 710 934 798 μετὰ
966 712 1092 799 ταύτην

77 815 115 884 δὲ
143 812 252 938 ῆτιῆυ
279 817 452 950 αἰσθητῶν
479 815 666 943 γεννητιαῆ,
694 807 733 902 ῆς
750 815 787 884 τὸ
807 816 868 904 μὲν
895 818 1127 905 τιμιότερονῦ

77 918 231 1011 οῦρανοῦ
262 923 317 990 καὶ
346 919 495 1009 ἀστέρων
528 928 593 1048 έηει
625 918 687 1054 τῆν
715 950 735 989 α
738 927 839 1008 ίτίαν,
871 920 909 991 τό
939 919 1027 992 δὲ
1009 950 1091 991 υπο-

78 1030 254 1117 δεέστερον
286 1027 493 1116 ἐπιτροπεύει
524 1026 586 1115 τῆν
618 1025 813 1113 γένεσιν,ε
799 1029 832 1109 ἐξ
860 1026 974 1098 ἀιδίου
1002 1054 1092 1117 περι-

38 1134 157 1221 έχον
184 1130 288 1220 αὐτῆς
315 1136 388 1201 ἐν’
371 1136 478 1225 εαυτῷ
505 1131 568 1219 τῆν
586 1129 772 1221 ἀγέννητον
800 1138 920 1202 αίτίαυ
962 1133 1092 1203 ἅπαντα

36 1263 63 1302 ιο
78 1239 141 1325 μὲν
170 1231 232 1307 οῦν
259 1237 300 1308 τά
326 1241 402 1327 περὶ
434 1201 496 1326 τῆν
529 1236 650 1306 οὐσίαν
677 1243 738 1307 τοῦ
765 1243 852 1308 θεοῦ
879 1244 978 1310 τοῦδε
1007 1247 1091 1309 διελ-

75 1355 157 1413 θεῖν
189 1341 269 1413 οῦδὲ
302 1354 335 1412 εί
362 1372 407 1436 ιφ
441 1350 516 1433 δοίη
549 1348 670 1431 νοῆσαι
702 1343 803 1426 αὐτὸς
836 1342 853 1414 ὁ
880 1345 961 1427 θεὸς
994 1339 1093 1427 οὗτος

78 1448 285 1536 δυνατόυ,“
267 1476 352 1519 οπου
372 1449 480 1519 καὶ
445 1477 486 1518 τα
505 1451 613 1519 πάντα
637 1458 878 1544 περιλαβεῖν
848 1455 893 1519 τῦ
912 1456 961 1545 νῷ
982 1459 1093 1540 ἔμοιγε

77 1563 234 1644 φαίνεται
262 1554 439 1625 ἀδύνατον.
531 1600 534 1605 -

156 1660 244 1732 Ἐπεὶ
276 1662 313 1731 δὲ
345 1660 450 1732 πολλά
483 1636 743 1750 διεληλύθαμεν,
776 1666 949 1733 ἐπιθετέον
983 1661 1092 1754 ὥσπερ

39 1773 252 1858 ιεσφραγῖδα
279 1771 324 1859 τῷ
352 1769 440 1858 λόγῳ
468 1771 553 1860 τῷδε
581 1771 806 1856 μέλλοντας’
790 1767 844 1856 εφ’
875 1773 969 1858 ἕτερα
996 1798 1091 1857 μετα-

78 1881 212 1961 βαίνειν
249 1837 312 1943 οῦά
348 1839 523 1955 έλάττονός
554 1877 613 1961 τῆς
652 1881 799 1963 θεωρίας
840 1876 989 1963 δεόμενα.
1043 1882 1127 1957 τίςΙ)

78 1971 142 2048 οῦν
170 1976 191 2068 ῆ
216 1981 359 2069 σφραγίς
386 1981 442 2048 καί
461 1974 536 2049 οἷον
564 1983 601 2048 έυ
619 1987 789 2071 κεφαλαίῳ
808 1980 849 2048 τὰ
867 1982 975 2049 πάντα
1003 2009 1091 2071 περι-

77 2086 298 2174 λαμβάνουσα
334 2082 355 2174 ῆ
388 2088 463 2176 περὶ
499 2089 557 2173 τῆς
593 2082 711 2166 οὐσίας
746 2090 806 2154 τοῦ
843 2090 929 2155 θεοῦ
967 2088 1092 2175 νόησις,

78 2189 181 2273 αῦτός
213 2188 292 2280 ῆμῖν
324 2194 378 2261 ἐπὶ
415 2195 501 2260 νοῦν
533 2199 609 2279 θείη
648 2194 867 2279 βουλομένοις
904 2195 941 2260 έν
978 2200 1096 2282 βραχεῖ

39 2321 64 2361 πο
78 2307 234 2367 συνελεῖν
261 2299 322 2386 τήν
349 2326 384 2366 τε
412 2304 537 2385 αίτίαυ,
566 2294 625 2385 ἀφ’
656 2290 695 2387 ῆς
721 2302 881 2387 προῆλθε,
908 2299 964 2366 καὶ
993 2296 1094 2380 αῦτὸς

77 2401 170 2485 ὅστις
199 2407 278 2489 ἐστί,
305 2409 409 2472 τίνων
435 2431 471 2472 τε
494 2401 684 2493 ἀποπληροῖ
708 2402 769 2472 τὸν
797 2407 928 2492 ἐμφανῆ
957 2406 1093 2492 κόσμον.

77 2513 201 2599 ῥητέον
234 2501 297 2578 οῦν
325 2506 369 2591 ὡς
398 2512 430 2590 ἐξ
463 2508 539 2591 ἑνὸς
566 2511 627 2598 μὲν
658 2513 808 2598 προῆλθε
839 2513 899 2578 τοῦ
927 2514 1013 2579 θεοῦ
1046 2505 1094 2591 εἷς

77 2613 139 2703 ἀφ’
176 2614 252 2696 ἑνὸς
283 2619 344 2685 τοῦ
359 2619 497 2704 νοητοῦ
528 2616 656 2703 κόσμου
689 2615 845 2703 βασιλεῦς
864 2614 992 2703 Ἥλιος,
1024 2620 1094 2685 νῦν

76 2725 210 2812 νοερῦν
236 2725 328 2791 θεῶν
356 2724 455 2809 μέσος
481 2724 518 2790 έν
545 2723 658 2809 μέσοις
680 2725 877 2811 τεταγμένος
904 2721 987 2791 κατὰ
1005 2748 1088 2791 παν·
1096 2737 1147 2788 142

39 2835 176 2897 ιετοίαν
213 2827 391 2915 μεσότητα,
427 2824 489 2914 τῆν
527 2823 702 2917 ὁμόφρονα
738 2831 794 2897 καὶ
832 2836 935 2916 φίλην
966 2831 1022 2896 καὶ
1054 2827 1094 2897 τά

36 2992 39 3008 ,
78 2937 243 3003 διεστῶτα
271 2933 500 3021 συνάγουσαν,
529 2939 576 3014 είς
594 2936 716 3002 ἕνωσιν
735 2932 828 3021 ἀγων
855 2933 896 3002 τά
923 2943 1094 3003 τελευταῖα

77 3112 166 3183 μέσος
188 3114 227 3183 H]
252 3109 285 3168 τό
307 3112 424 3197 μέσον.
439 3118 548 3167 Marcil.
569 3110 616 3166 ἐπὶ
641 3133 689 3198 pro
712 3110 773 3168 ἐστὶ
795 3117 926 3182 conjecit,
950 3119 1011 3171 Pet.
1036 3111 1095 3170 ἐστὶ

78 3185 193 3235 seclusit
261 3177 349 3248 στῆν
367 3175 527 3235 ὑπόστασιν
544 3184 569 3233 V
607 3179 766 3236 ἀπόστασιν
835 3189 850 3235 9
874 3157 973 3236 αἰτίαν
987 3184 1025 3260 V]
1045 3179 1095 3236 οῦ-

79 3248 157 3331 σίαν.
188 3253 225 3302 cf.
246 3251 431 3303 14261430
502 3254 532 3301 11
551 3248 620 3303 ουδὲ
639 3250 675 3332 H]
700 3244 765 3304 οῦτε
799 3253 815 3333 Ι
841 3252 906 3334 δοίη
928 3251 1004 3331 libri]
1028 3251 1094 3316 δοίη

79 3307 120 3372 διν
138 3313 170 3370 τό
178 3317 199 3396 Ι
219 3313 316 3385 αὐτὸς]
336 3309 411 3371 αῦτά
429 3319 478 3384 Vl
503 3313 609 3379 ὃθεδς
627 3308 712 3379 οὗτος
726 3317 764 3399 V]
783 3308 867 3379 οὗτος
885 3313 901 3372 6
908 3317 993 3398 θεὸς
1064 3323 1094 3369 12

79 3380 117 3437 τοὶ
144 3378 242 3463 πάντα
268 3385 344 3451 libri]
368 3378 464 3439 πάντα
552 3390 583 3438 18
609 3388 676 3438 Post
698 3380 814 3469 νόησις
821 3377 921 3440 adds
902 3404 940 3452 ην
958 3387 1096 3439 MbEFG

80 3455 114 3503 21
138 3444 305 3520 ἀποπληροῖ
320 3452 395 3522 libri]
420 3452 469 3505 καλ
488 3448 653 3538 ἀποπληροῖ
723 3458 757 3505 24
780 3452 864 3519 μέσος
887 3447 917 3506 έν
941 3471 992 3504 om.
1010 3459 1068 3519 pet.
1089 3452 1092 3519 1

82 3513 290 3588 ἐντεταγμένος
308 3528 363 3588 pet.
427 3524 460 3571 26
484 3520 533 3572 καὶ
552 3528 615 3588 post
638 3520 820 3588 οννοῖγονσαν
846 3522 908 3571 add.
920 3521 1061 3572 MbEFG
