2392 3960
101 158 165 223 556
401 158 544 211 IULIANI
562 157 813 210 IMPERATORIS

62 339 88 378 ω
275 308 337 378 νά.
374 307 592 390 Ἰουλιανὸς
611 306 950 398 Ἀλεξανδρεῦσιν.

58 450 83 507 Ι)
191 439 236 502 Εἰ
257 434 318 520 μέν
341 462 390 514 τις
412 439 480 502 τῶν
502 433 614 502 ἀλλων
635 427 680 521 ἦν
701 432 797 523 ὑμῶν
819 434 978 524 οἰκιστής,
1006 440 1044 505 οἳ
1061 432 1117 502 τὸν

4 560 8 565 “
103 542 232 609 ἑαυτῶν
257 539 465 627 παραβάντες
493 541 601 627 νόμον
628 537 788 609 ἀπέτισαν
815 540 937 622 ὁποίας
963 533 1011 631 ἦν
1033 539 1117 619 εἰκὸς

104 653 211 731 δίκας,
240 644 392 733 ἑλόμενοι
414 646 476 734 μέν
500 650 558 734 ζῆν
580 646 796 737 παρανόμως,
823 647 1065 737 εἰσαγαγόντες
1085 644 1118 715 δί

102 753 256 841 κήρυγμα
287 753 342 821 καί
375 757 594 821 διδασκαλίαν
622 752 765 842 νεαράν,
797 753 903 841 λόγον
929 750 1005 845 (ἀν)
1034 752 1135 843 εἰχενι

105 857 179 927 οὐδ’
209 856 254 939 ιδς
278 858 482 929 Ἀθαυάσιον
504 857 567 947 ὑφ’
591 857 689 947 ὑμῶν
717 860 958 947 έπιζητεῑσθαι·
983 861 1064 930 νυυί
1085 858 1119 929 δὲ

103 973 238 1034 κτίστου
260 966 322 1054 μέν
345 965 443 1046 όντος
462 963 683 1055 Ἀλεξάνδρου
704 970 763 1054 τῆς
785 966 928 1054 πόλεως,
956 965 1118 1057 ὑπάρχον

103 1099 160 1151 τος
183 1070 260 1140 δὲ’
242 1088 324 1160 υμῖν
346 1072 530 1160 πολιούχου
553 1076 638 1140 θεοῦ
659 1100 722 1142 του
706 1074 907 1159 βασιλέως
925 1074 1119 1164 Σαράπιδος

52 1176 173 1265 433ἀμα
200 1181 241 1266 τῇ
268 1181 422 1269 παρέδρῳ
440 1177 529 1307 κόργ
552 1178 671 1268 καλιῇ
694 1182 905 1264 βασιλίδι
865 1205 925 1267 της
945 1180 1117 1268 Αἰγύπτου

105 1285 212 1372 πάσης
224 1283 380 1352 Ἴ.σιδι..
391 1284 478 1371 τὴν
501 1281 722 1371 ὑγιαίνουσαν
745 1283 786 1353 ού
810 1276 988 1372 ζηλοῦντες
1009 1286 1113 1357 πόλιν·
1122 1300 1141 1343 ¹⁰

106 1388 189 1457 ἀλλά
221 1389 258 1457 τὸ
293 1394 419 1459 νοσοῦν
451 1392 551 1478 μέρος
578 1390 831 1479 έπιφημίζειν”
813 1393 920 1482 εαυτῷ
947 1396 1058 1487 τολμᾷ
1080 1392 1110 1462 ιδ

106 1499 164 1581 τῆς
185 1495 313 1575 πόλεως
336 1495 454 1583 ῦυομα.

195 1606 283 1668 Λίαν
306 1601 507 1689 αἰσχύνομαι
530 1601 573 1688 νὴ
596 1600 675 1691 τοὺς
696 1601 810 1688 θεούς,
833 1600 957 1692 ἀνδρες
976 1602 1110 1689 Ἀλέξαν-

106 1711 211 1794 δρεϊς,
243 1715 277 1774 εἰ
301 1733 351 1786 τις
379 1705 464 1786 ὅλως
488 1703 733 1796 Ἀλεξανδρέων
760 1706 921 1797 ὃμολογεί
944 1700 1111 1791 raaudus

107 1811 202 1880 εἶναι.
250 1816 319 1880 τῶν
350 1811 395 1892 ὡς
427 1811 562 1899 άληθῶς
589 1810 756 1903 Ἑβραίων
788 1818 824 1883 οἰ
853 1817 996 1904 πατέρες
1021 1822 1140 1907 Αἰγυλ

65 1943 88 1996 Β
106 1925 214 1998 πτίοις
233 1919 415 1988 ἐδούλευον
432 1917 546 2003 πάλαι,
566 1920 646 1987 νννί
665 1920 703 1987 δὲ
720 1918 826 2008 ὑμεῖς,
844 1919 1116 2011 ἀνδρεςἍλεξαν

67 2061 92 2099 95
108 2031 208 2110 δρεῐς,
230 2031 425 2111 Αἰγυπτίων
442 2024 682 2115 κρατήσαντες·
706 2026 865 2115 ἐκράτησε
877 2028 944 2118 γάρ
959 2028 979 2099 6
993 2036 1119 2123 κτίστης

107 2128 202 2225 ὑμῶν
233 2135 292 2219 τῆς
323 2132 512 2218 Αἰγύπτου·
549 2145 619 2211 τοῖς
648 2133 941 2221 κατωλιγωρηκόσι
968 2140 1041 2215 τῶν,
1062 2161 1118 2205 πα·

106 2240 210 2324 τρίωυ
242 2237 419 2324 δογμάτων
451 2242 608 2305 δουλείαν
640 2237 839 2307 ἐθελούσιον
870 2238 1031 2331 ἄντικρυς
1055 2246 1119 2313 νῦν

107 2349 258 2413 παλαιῶν
276 2348 414 2432 θεσμῶν
430 2340 628 2430 ὑφίστασθε.
655 2346 711 2412 καί
730 2341 792 2412 ούκ
809 2342 990 2434 εἰσέρχεται
1008 2348 1145 2439 μνήμιμ

107 2454 165 2537 τῆς
204 2455 346 2530 παλαιᾶς
381 2447 467 2536 ῦμάς
502 2450 631 2536 ἐκείνης
667 2447 904 2538 εὐδαιμονίας,
944 2450 1046 2541 ἡνίκα
1081 2446 1121 2543 ἦν
1152 2462 1155 2581 ρ

107 2563 267 2625 κοινωνία
290 2557 352 2644 μὲν
373 2555 458 2642 πρὸς
480 2554 584 2634 θεοὺς
606 2555 764 2647 Αἰγύπτφ
786 2559 827 2645 τῇ
849 2555 957 2647 πάσῃ,
989 2563 1121 2631 πολλῶν
1152 2588 1155 2611 ¹

109 2662 146 2729 δὲ
178 2662 387 2750 ἀπελαύομεν
420 2659 570 2746 ἀγαθῶν.
623 2659 696 2730 ἀλλ’
727 2665 763 2730 οἰ
791 2666 858 2730 νῦν
889 2664 1122 2752 εἰσαγαγόντες
1153 2738 1155 2745 ,

67 2765 189 2856 οῦμῖυ
211 2768 248 2837 τὸ
272 2767 392 2837 καινὸν
415 2770 514 2834 τοῦτο
538 2767 691 2856 κήρυγμα
715 2773 807 2849 τίνος
824 2776 926 2837 αἴτιοι
943 2770 1122 2857 γεγόνασιν

108 2873 242 2961 ἀγαθοῦ
264 2879 303 2963 τῇ
326 2873 430 2960 πόλει,
453 2872 604 2960 φράσατέ
624 2899 690 2960 μοι.
717 2880 849 2962 κτίστης
871 2872 953 2963 ῦμῑν
974 2868 1021 2965 ἦν
1037 2875 1155 2969 dadon

176 3031 280 3103 26va
299 3055 314 3088 ο
306 3028 469 3114 οἰκίστης
482 3036 640 3099 suspicatur
658 3035 741 3085 Hrch.
788 3025 978 3117 θάπέτισαυ]
997 3031 1120 3091 ‹iui-
1136 2984 1155 3105 ἰ

109 3118 161 3155 σαν
188 3105 227 3153 Ρο
245 3109 322 3154 mart.
406 3105 422 3154 5
449 3091 486 3154 ἀν
512 3101 617 3152 addidit
639 3103 666 3152 H
744 3106 762 3155 6
787 3095 869 3170 ὑμῶν
894 3104 923 3155 Η
922 3103 1010 3173 syloe]
1062 3122 1155 3173 μιν

108 3169 268 3236 ἰκτίστου]
298 3173 335 3222 Et
356 3172 409 3222 hoc
433 3169 495 3222 loco
518 3174 547 3219 et
569 3170 643 3220 infra
661 3170 811 3236 aliqu0ffies
829 3170 914 3222 Hreh.
922 3118 965 3223 οἰ
1083 3188 1122 3227 τε·

108 3240 261 3305 ponendum
278 3245 372 3289 censet
425 3243 456 3290 10
472 3238 540 3288 Post
549 3225 638 3288 Ἴσιδι
656 3239 716 3289 Pet.
734 3237 862 3289 lacunam
879 3239 904 3289 si
945 3240 1054 3295 eavit
1090 3242 1121 3295 1⁸

108 3298 357 3386 κατωλιγωρηκόσι
375 3306 442 3358 Rsk.
461 3311 488 3355 et
504 3303 622 3389 Heyler]
641 3298 890 3386 καταλιγωρηιιόσι
932 3314 1048 3365 emrt.
1035 3314 1121 3391 pt,

108 3368 353 3457 κατολιγωρηκόσι
372 3374 468 3439 npanh
550 3377 584 3426 2³
602 3368 792 3440 ατηλαύομεν
810 3374 850 3424 Ρο
929 3374 964 3427 25
981 3368 1120 3445 φράσατο.

109 3439 238 3508 οιιιιστὴς
256 3443 340 3493 H1ch.
374 3441 493 3493 Dativos
516 3458 579 3494 vero
602 3442 790 3509 pronomiuum
807 3442 983 3508 Impentivis
999 3442 1122 3499 lullum

110 3510 213 3560 addidit
231 3511 311 3560 etiam
330 3513 379 3561 192
392 3512 414 3560 Β
433 3511 482 3562 209
495 3510 544 3560 AD
562 3513 613 3562 324
623 3510 650 3559 D
666 3511 718 3561 334
729 3509 753 3559 A
770 3508 855 3562 am
