2392 3960
78 78 93 83 ..
116 39 201 75 πεῖ-ἐ
227 50 237 73 π
332 78 335 83 .

32 39 125 253 Γ
489 163 627 216 ossfflo
646 165 693 214 w.
1034 167 1094 232 137

81 285 166 370 θεὸς
197 284 328 358 Ἡλίου·
363 289 471 381 τούτω
508 291 546 358 δὲ
582 288 689 379 αὐτὴν
725 289 919 363 ὑποτάττων
951 291 1003 362 άεὶ
1038 297 1094 364 καὶ

82 388 287 482 ἀποφαίνων
318 396 513 485 σύνθρονον
545 397 703 485 ἐξηγητὴς
730 395 809 487 ἡμῖν
841 404 909 470 ε’στι
940 403 1009 468 τῶν
1041 403 1093 470 ἐπὶ

81 502 144 568 τοῦ
160 505 247 571 θεοῦ
264 509 449 571 καλλίστων
472 503 715 591 διανοημάτων.
759 506 869 588 πάσας
891 505 929 575 δὲ
947 509 984 574 ἐν
1003 502 1094 599 αὑτῷ

32 626 39 677 3-·
81 608 245 696 περιέχων
272 604 290 677 ὁ
317 607 400 690 θεὸς
431 606 488 678 όδε
519 607 578 690 τάς
611 607 716 698 άρχάς
742 614 801 698 τῆς
833 618 1008 700 καλλίστης
1034 635 1133 688 νο-Β

32 690 161 800 διεράς
193 715 404 802 συγκράσεως
426 712 541 796 Ἥλιος
565 713 734 785 Ἀπόλλων
767 719 835 785 ἐστὶ
864 721 1093 806 Μουσηγέτης.

81 820 153 887 ἐπεὶ
181 819 218 888 δὲ
245 822 309 889 καὶ·
328 819 411 909 ὅλην
437 817 518 910 ῆμῖυ
544 820 606 910 τῆν
632 825 691 910 τῆς
718 820 869 904 εὐταξίας
896 822 982 912 ζωῆν
1010 845 1092 912 συμ-

80 933 218 1014 πληροῖ,
250 931 353 1017 γεννᾷ
384 926 445 1015 μὲν
477 930 514 995 ἐν
545 928 659 1019 κόσμῳ
692 927 752 996 τὸν
782 926 995 1016 Ἀσκληπιόν,
1027 936 1091 1017 ἔχει

80 1029 118 1098 δὲ
146 1029 252 1100 αὐτὸν
278 1035 334 1101 καὶ
361 1032 426 1122 πρὸ
452 1037 513 1102 τοῦ
541 1034 670 1122 κόσμου
697 1032 776 1124 παρ’
807 1037 923 1127 ἑαυτῷ.

159 1135 254 1206 Ἀλλά
286 1138 410 1220 πολλάς
441 1139 502 1227 μὲν
534 1138 576 1207 άν
612 1168 661 1220 τις
692 1142 747 1209 καὶ
784 1139 885 1222 άλλας
920 1143 995 1228 περὶ
1031 1140 1092 1211 τόν

32 1264 67 1313 ιιι
78 1241 165 1312 θεὸν
200 1245 299 1314 τόνδε
336 1245 495 1333 δυνάμεις
529 1249 670 1335 θεωρῶν
708 1244 822 1315 οὔποτ’
862 1244 905 1315 άν
941 1250 1090 1335 ἐφίκοιτο

78 1353 212 1439 πασῶν,1
245 1348 373 1440 ἀπόχρη
407 1351 443 1420 δὲ
471 1355 529 1439 τῆς
560 1352 621 1438 μὲν
648 1357 810 1441 χωριστῆς
842 1355 898 1423 καὶ
925 1353 990 1442 πρὸ
1022 1357 1091 1423 τῶν

80 1456 244 1543 σωμάτων
276 1455 327 1526 ἐπ’
358 1454 470 1526 αὐτῶν
503 1457 594 1544 οἶμαι
625 1461 693 1526 τῶν
725 1462 858 1546 αίτιιῦν,
891 1466 929 1527 αἳ
956 1488 1091 1547 κεχωρι-

81 1564 201 1649 σμέναι
218 1566 277 1651 τῆς
303 1566 452 1651 φανεράς
469 1564 723 1652 προϋπάρχουσι
752 1569 984 1653 δημιουργίας,
1012 1576 1130 1653 ίσηνο

32 1736 34 1745 ,
77 1662 178 1760 Ἡλίῳ
206 1671 262 1737 καὶ
280 1671 339 1738 Διὶ
365 1668 428 1757 τῆν
456 1675 658 1738 δυναστείαν
681 1671 737 1738 καὶ
764 1677 844 1758 μίαν
871 1667 1091 1760 ὑπάρχουσαν

44 1792 69 1834 1⁵
80 1777 338 1864 τεθεωρηκέναι,
370 1773 432 1863 τῆν
464 1775 502 1844 δὲ
533 1772 699 1863 ἁπλότητα
731 1779 799 1844 τῶν
831 1777 983 1864 νοῆσεων
1010 1775 1090 1865 μετά

78 1883 140 1949 τοῦ
172 1885 349 1951 διαιωνίον
376 1883 431 1950 καὶ
463 1881 546 1950 κατά
576 1880 681 1950 ταῦτά
713 1890 857 1970 μονίμου
891 1882 952 1964 ξῦν
977 1881 1089 1953 Ἀπόλ-

79 1995 161 2055 λωνι
193 1991 421 2076 τεθεαμένοις,
453 1986 491 2056 τὸ
525 1987 562 2057 δὲ
594 1985 750 2075 μεριστὸν
781 1991 839 2074 τῆς
871 1994 1090 2078 δημιουργίας

78 2091 158 2179 μετὰ
185 2096 247 2162 τοῦ
274 2091 336 2182 τῆν
367 2091 525 2182 μεριστῆν
553 2094 827 2181 ἐπιτροπεύοντος
860 2090 981 2162 οὐσίαν
1008 2103 1090 2162 Διο-

79 2199 204 2285 νύσου,
236 2198 272 2268 τὸ
302 2200 339 2269 δὲ
365 2202 424 2286 τῆς
450 2205 626 2288 καλλίστης
657 2206 858 2288 συμμετρίας
889 2201 945 2267 καὶ
972 2202 1091 2289 νοεράς

44 2305 228 2393 ῖθκράσεως
254 2308 329 2396 περὶ
359 2303 423 2393 τῆν
449 2309 511 2374 τοῦ
538 2309 763 2393 Μουσηγίτον
796 2305 942 2393 δύναμιν
968 2317 1089 2374 τεθεω-
1184 2380 1188 2385 ,

79 2411 214 2499 ρηκόσι,
245 2411 283 2480 τὸ
316 2415 536 2501 συμπληροῦν
569 2412 606 2481 δὲ
641 2410 704 2499 τῆν
736 2409 891 2492 εὐταξίαν
921 2414 980 2498 τῆς
1012 2409 1091 2499 ὅλης

78 2521 162 2605 ζωῆς
190 2515 251 2597 ξῦν
276 2515 458 2610 Ἀσκληπιῷ
486 2522 614 2587 νοοῦσι.
658 2517 889 2606 τοσαῦταμὲν
916 2512 999 2606 ὑπὲρ
1022 2520 1091 2585 των

77 2629 294 2710 προκοσμίων
322 2621 427 2693 αὐτοῦ
455 2624 644 2711 δυνάμεων,
673 2629 752 2712 ἔργα
781 2623 818 2691 δὲ
837 2620 983 2711 ὁμοταγῆ
1011 2622 1132 2696 ταῦ-1)

75 2756 150 2809 ταις
177 2725 261 2819 ὑπὲρ
288 2728 348 2799 τὸν
376 2733 508 2818 ἐμφανῆ
540 2731 668 2818 κόσμον
695 2725 716 2817 ῆ
743 2732 812 2798 τῶν
839 2727 981 2815 άγαθῶν
1009 2722 1093 2798 ιἰπο-Ι

39 2835 252 2924 ιιπλῆρωσις.
289 2835 402 2923 ἐπειδὴ
430 2837 493 2925 γάρ
522 2838 591 2905 ἐστι
610 2835 746 2924 γνήσιος
764 2841 901 2922 ἔγγονος
927 2832 1090 2921 τάγαθοῦ,

74 2941 346 3029 παραδεξάμενος
373 2939 451 3030 παρ’
482 2938 588 3011 αὐτοῦ
615 2948 744 3011 τελείαν
769 2941 839 3028 τῆν,
860 2937 995 3029 άγαθῆν
1017 2955 1090 3029 μοῖ-

146 3194 162 3241 2
185 3184 231 3242 ἐπὶ
250 3190 324 3257 Pet]
342 3183 398 3243 ῦπό
474 3196 490 3243 3
514 3186 607 3251 πάσας
626 3188 751 3256 VMbG]
771 3182 880 3248 ὁπόσας
958 3194 973 3241 ὅ
996 3179 1088 3256 ῆλιοςΙ

74 3261 284 3324 „Expunxerim
302 3259 372 3310 hane
390 3261 512 3312 vocem.“
535 3261 596 3310 Pet.
666 3262 695 3309 11
716 3251 827 3341 άπόχρη
846 3253 881 3309 δὲ
898 3255 938 3324 H]
959 3252 1091 3322 άποχρῆν

76 3323 113 3379 δὲ
133 3324 258 3392 Marcil.,
282 3319 413 3392 άποχρῆν
430 3327 494 3377 libri
512 3334 539 3377 et
557 3343 575 3376 v
649 3329 680 3377 16
703 3319 811 3378 τοῦτον
829 3325 968 3378 MbEFG
1001 3326 1006 3387 Ι
1038 3323 1091 3386 ξὺν

75 3390 114 3460 V]
136 3386 189 3444 σῦν
257 3397 290 3444 22
310 3387 362 3458 ξῦν
381 3390 417 3460 V]
438 3390 491 3446 σῦν
560 3396 593 3445 25
611 3387 727 3462 ἔγγονος
744 3392 778 3460 V]
799 3389 935 3458 ἔκγονοςΙ
955 3387 1090 3457 τάγοθοῦ

74 3458 160 3533 libyi]
191 3460 241 3512 τοῦ
267 3454 384 3526 άγαθοῦ
470 3463 503 3512 26
529 3461 642 3513 τελείαν
668 3461 735 3523 VG,
762 3463 876 3512 τελείων
899 3458 1019 3521 MbEF,
1046 3454 1090 3510 τέ-

76 3530 155 3580 λειον
173 3545 192 3579 v
