2392 3960
107 155 169 219 282
407 155 553 207 IULIANI
573 137 822 207 ειτετιειτοειε

106 294 170 352 θεν
202 281 393 369 λεγομένοις
424 280 607 367 πιστεύειν,
641 277 723 350 ἀλλὰ
755 280 796 350 τά
827 282 993 370 λεληθότα
1029 308 1123 372 περι-

62 389 305 480 Ιιεργάζεσθαι
337 389 392 456 καὶ
429 385 472 476 μὴ
505 387 668 477 πρότερον
706 384 930 476 ἀφίστασθαι,
966 390 1047 479 πρὶν
1081 385 1125 458 ἀν

106 492 173 565 ὑπὸ
206 505 300 576 θεοῖς
331 489 493 582 ἡγεμόσιν
526 496 654 582 ε’κφανη
687 493 850 582 γενόμενα
882 494 943 565 τὸν
971 498 1008 565 ἐν
1042 491 1125 584 ἡμῖν

107 602 232 690 τελέσῃ,
261 602 387 690 μάλλον
415 599 453 669 δὲ
471 599 627 689 τελειώσῃ
654 603 740 669 νοῦν
767 601 823 669 καὶ
842 606 873 670 εί
895 601 938 689 δή
965 629 997 671 τι
1015 615 1124 692 κρεῖτ-

64 784 66 789 ,
107 735 167 778 τον
204 703 286 796 ἡμῖν
321 703 460 795 ὑπάρχει
496 709 559 776 τοῦ
594 709 673 793 νοῦ,
712 704 819 776 αὐτοῦ
854 710 916 776 τοῦ
953 705 1030 789 ἑνὸς
1066 710 1149 778 καλτ

107 813 261 901 τάγαθοῦ
288 812 389 903 μοῖρά
416 840 466 895 τις
493 810 587 902 ὀλίγη
616 811 653 882 τὸ
682 815 750 882 πάν
778 810 961 903 ἀμερίστως
988 820 1125 903 ἔχουσα,

107 925 164 1010 τῆς
192 924 301 1009 ψυχῆς
327 919 488 1009 πλήρωμα
507 921 562 988 καὶ
590 922 628 988 έν
655 921 701 1013 τῷ
725 921 775 988 ἑνὶ
802 921 857 988 καὶ
876 916 995 1015 ἀγαθῷ
1025 941 1125 991 συνε-

107 1047 214 1116 χοοσα
241 1030 352 1095 πᾶσαν
381 1023 487 1115 αὐτὴν
515 1023 572 1095 διά
599 1027 656 1114 τῆς
688 1021 915 1116 ὑπερεχούσης
940 1028 995 1096 καὶ
1024 1055 1125 1117 χωρι-

108 1136 187 1222 στῦς
218 1129 324 1201 αύτοῦ
351 1133 407 1200 καὶ
435 1133 637 1222 ἐξῃρημένης
668 1138 863 1221 παρουσίας.
908 1130 992 1202 ἀλλά
1018 1137 1126 1203 ταῦτα

108 1239 169 1328 μὲν
197 1235 284 1327 ἀμφὶ
301 1237 362 1307 τὸν
389 1240 494 1326 μέγαν
512 1238 690 1308 Διόνυσον
709 1235 771 1308 οῦκ
790 1235 856 1308 οἷδ’
887 1237 977 1322 ὅπως
996 1241 1127 1328 ἐπῆλθέ
1139 1267 1164 1306 10

53 1366 169 1435 218μοι
197 1345 395 1432 βακχεύοντι
423 1348 583 1433 μανῆναι·
610 1343 671 1414 τὸν
698 1344 786 1433 βοῦν
819 1345 855 1414 δέ
884 1348 1055 1435 ἐπιτίθημι
1083 1349 1125 1437 τῃ

108 1451 247 1540 γλώττῃ·
285 1453 360 1539 περὶ
391 1454 459 1519 τῶν
492 1449 646 1541 ἀρρήτων
678 1449 741 1540 γὰρ
774 1448 876 1521 οῦδὲν
907 1450 969 1543 χρὴ
1002 1453 1125 1540 λέγειν.

109 1556 191 1628 ἀλλά
209 1585 266 1645 μοι
283 1559 360 1627 θεοὶ
379 1557 440 1645 μὲν
458 1560 595 1627 ἐκείνων
622 1560 678 1628 καὶ
696 1554 793 1646 ῦμῦν
821 1557 858 1627 δὲ
880 1573 950 1640 τοῖς
977 1568 1125 1647 πολλοῖς,

109 1662 184 1734 ὅσοι
215 1666 296 1745 τέως
327 1664 399 1732 έστδ
430 1663 560 1733 τούτων
592 1661 749 1753 ἀμύητοι,
781 1662 844 1752 τὴν
872 1662 993 1754 ὄνησιν
1020 1670 1125 1736 δοῖεν.

108 1766 192 1859 ὑπὲρ
220 1771 258 1839 δὲ
286 1761 334 1838 ὦν
361 1776 466 1840 εἰπεῖν
488 1797 523 1840 τε
546 1772 601 1840 κοιλ
629 1768 772 1840 ἀκοῦσαι
797 1773 896 1860 θέμις
921 1773 978 1840 καὶ
1006 1768 1124 1862 ἀνεμέ-
1140 1756 1169 1840 τί

109 1899 212 1966 σητον
245 1874 444 1967 ἀμφοτέροις
476 1879 560 1963 ἐστί,
592 1880 656 1959 πάς
688 1877 786 1964 λόγος
819 1874 836 1947 ὁ
870 1879 1127 1968 προφερόμενος

108 1991 145 2054 ἔκ
172 2011 207 2053 τε
234 1986 350 2066 λέξεως
376 1986 432 2052 καὶ
456 1989 609 2065 διανοίας
637 1984 813 2070 σύγκειται.
851 1981 979 2081 οὐκοῦν
1008 1984 1125 2075 ἐπειδὴ

108 2092 164 2160 καὶ
201 2086 219 2159 ὁ
257 2094 367 2179 μῦθος
409 2090 507 2177 λόγος
543 2097 592 2172 τίς
633 2092 737 2177 ἔστιν,
779 2092 815 2160 ἐκ
851 2095 952 2160 δνοῖν
986 2091 1126 2162 τούτοιν

67 2203 325 2284 Βσυγκείσεται.
376 2201 552 2285 σκοπῶμεν
589 2195 627 2265 δὲ
663 2195 819 2287 ἑκάτερον
855 2194 976 2267 αὐτῶν.
1031 2203 1127 2268 ἔστιν

109 2300 194 2392 διπλῆ
226 2331 276 2386 τις
308 2306 345 2372 έν
382 2304 470 2395 λόγῳ
507 2304 607 2372 παντί
644 2303 794 2391 διάνοια,
831 2305 886 2373 καὶ
919 2307 1032 2392 μέντοι
1065 2308 1169 2374 καίεο

108 2408 191 2479 κατὰ
223 2414 331 2499 σχῆμα
358 2410 552 2500 προάγεται,
584 2406 624 2478 τά
651 2414 902 2499 παραδείγματα
929 2409 967 2478 δέ
994 2407 1127 2498 ἀμφοῖν

47 2512 49 2516 ’
108 2520 178 2585 ἐστι
206 2516 319 2585 πολλά.
364 2514 402 2584 τὸ
431 2515 492 2604 μὲν
520 2507 583 2585 οῦν
611 2520 648 2584 ἓν
676 2510 806 2587 διπλοῦν
839 2517 991 2586 ἐστικαὶ
1020 2513 1128 2589 οῦδὲν

109 2629 215 2691 δεῖται
242 2628 417 2710 ποικιλίας,
444 2621 482 2691 τὸ
503 2619 535 2691 δ’
566 2625 848 2712 ἐσχηματισμένον
867 2629 932 2712 ἔχει
956 2622 1128 2715 διαφοράς

109 2731 146 2798 έν
174 2730 281 2821 ἑαυτῷ
308 2728 442 2815 πολλάς,
471 2719 535 2816 νῦν,
562 2739 596 2798 εί
618 2735 654 2798 τί
678 2749 732 2798 σοι
759 2733 818 2818 τῆς
845 2731 1023 2821 ῥητορικῆς
1051 2733 1126 2819 ἐμέ-

108 2843 224 2923 λησεν,
258 2832 320 2905 οῦκ
348 2831 504 2916 ἀξύνετος
531 2832 570 2904 εἷ.
615 2835 745 2905 τούτων
772 2835 910 2925 δὴίτῶν
930 2833 1020 2904 ’κατδι
1049 2837 1126 2907 διά·
1141 2861 1168 2903 ετ

108 2969 206 3010 νοιαν
234 2941 411 3030 σχημάτων
430 2938 582 3032 άρμόττει
599 2945 646 3035 τῷ
674 2942 774 3035 μύθφ
798 2941 839 3012 τά
856 2952 1005 3012 πλεῖστα·
1033 2942 1127 3033 πλὴν

109 3053 219 3136 ἔμοιγε
248 3045 327 3117 οὔθ’
357 3043 441 3139 ῦπὲρ
459 3051 527 3117 τῶν
554 3051 688 3117 πολλῶν
707 3046 788 3119 οὔθ’
818 3045 901 3140 ὑπὲρ
920 3052 988 3117 τῶν
1016 3045 1126 3120 ἀπάν-

177 3258 191 3304 1
215 3249 379 3320 λεγομένοις
397 3254 465 3309 Rsk.
484 3259 512 3305 et
531 3252 608 3321 Cob‚]
628 3249 795 3334 γενομένοις
863 3258 880 3308 8
898 3269 1042 3335 χωριστης
1061 3256 1126 3309 Pet

109 3338 177 3389 span
179 3320 391 3388 λιλχωρλςτὴς
409 3322 434 3373 V
452 3329 508 3388 pet.
578 3313 708 3375 9αάτ..
727 3323 752 3373 V
770 3321 821 3390 (οῦ
837 3340 873 3374 an
891 3340 943 3402 ης
944 3323 994 3374 sub
1012 3326 1127 3378 macula

108 3391 196 3441 lateat
222 3407 277 3442 non
303 3391 324 3440 li
343 3389 401 3455 νεῖ)
488 3393 520 3440 12
547 3384 647 3457 οῦδὲν]
673 3381 707 3441 οῦ
725 3396 783 3457 pet.
871 3393 901 3442 13
927 3383 1009 3509 ὑμῶν
1032 3386 1079 3444 δὲ
1076 3394 1113 3446 V

108 3452 188 3523 ῦμῦν
271 3460 301 3509 18
320 3408 397 3511 ἔστιν
415 3458 450 3518 V]
471 3450 530 3510 ἔστι
610 3461 643 3510 23
668 3452 696 3507 δ’
696 3453 839 3539 ‚W
876 3460 910 3510 24
927 3451 1067 3526 ἐμέλησεν
1086 3462 1111 3514 V

108 3521 227 3592 ἐμέλησε
296 3531 328 3580 27
347 3519 469 3579 οῦθ’-
487 3517 556 3578 οὔθ’
577 3522 616 3593 H]
636 3517 755 3578 οῦδ’-
773 3515 839 3578 τύδ’
