2392 3960
435 165 639 218 EPISTOLAE
659 168 699 217 77.
718 170 758 219 78.

569 335 628 424 οη’.

180 479 356 566 Πηγάσων
388 477 482 566 ἡμεῖς
514 476 628 546 οὔποτ’
659 475 701 546 όὶν
730 479 944 567 προσήκαμεν
971 480 1104 568 ῥαδίως,

88 593 120 655 εί
152 585 197 674 μὴ
231 589 346 672 σαφιός
378 587 614 672 έπεπείσμεδα,
652 583 703 654 ὅτι
734 587 790 653 καὶ
822 585 986 673 πρότερον
1018 583 1103 653 εἷναι

88 696 203 762 δοκῶν
233 696 301 760 τῶν
329 698 518 759 Γαλιλαίων
551 693 727 770 ἐπίσκοπος
758 688 915 778 ἠπίστατο
945 695 1104 779 σέβεσθαι

59 802 144 869 ικαὶ
182 802 281 886 τιμᾶν
314 796 393 877 τοὺς
424 797 535 876 θεούς.
587 794 648 865 οὐκ
680 795 786 884 ιἰκοὴν
818 797 882 884 έχοί
915 819 969 867 σοι
1000 802 1103 866 ταῦτα

87 905 284 992 ἀπαγγέλλω
308 908 376 973 τῶν
399 904 482 992 πρὸς
502 910 630 992 ἔχθραν
647 905 702 973 καί
721 910 839 991 φιλίαν
857 906 967 991 λέγειν
984 905 1103 974 εἰωθό-

87 1039 170 1098 των,
208 1012 277 1078 ἐπεὶ
311 1011 366 1079 καὶ
399 1011 472 1097 ἐμοὶ
504 1009 594 1078 πάνυ
626 1009 861 1099 διετεθρύλητο
894 1011 934 1079 τδι
966 1015 1103 1080 τοιαῦτα

87 1119 165 1204 περὶ
203 1115 322 1202 αὐτοῦ,
359 1118 414 1184 καὶ
447 1117 531 1204 (ναὶ)
567 1115 612 1203 μδι
644 1116 734 1196 τοὺς
754 1115 857 1197 θεοὺς
888 1116 983 1210 ρ’ίμην
1015 1116 1102 1186 οὕτω

88 1227 210 1312 χρῆναι
244 1236 355 1309 μισεῖν
387 1220 492 1290 αὐτὸν
524 1220 569 1302 ὡς
602 1219 726 1291 οὐδένα
757 1226 825 1291 τῶν
856 1223 1103 1311 πονηροτάτων.

47 1364 73 1403 ιο
88 1331 159 1398 ἐπεὶ
193 1329 230 1396 δὲ
261 1329 397 1415 κληθεὶς
428 1334 475 1408 είς
501 1328 539 1397 τὸ
568 1328 794 1417 στρατόπεδον
821 1328 885 1398 ὑπὸ
913 1334 975 1401 τοῦ
1001 1357 1103 1418 μακα-

88 1443 185 1524 ρίτου
200 1440 441 1503 Κωνσταντίου
463 1435 589 1522 ταύτην
612 1436 820 1524 ἐπορευόμην
842 1437 905 1524 τὴν
923 1435 1016 1520 ὁδόν,
1038 1434 1102 1505 ιἰπδ

87 1547 147 1629 τῆς
174 1541 331 1633 Τρῳάδος
359 1539 489 1629 ὄρθρου
512 1543 637 1627 βαθέος
660 1541 840 1622 διαναστὰς
862 1533 973 1631 ἦλθον
996 1548 1043 1624 είς
1064 1543 1102 1613 τὸ
1163 1624 1171 1633 .

78 1648 188 1716 Ἴλιον
219 1648 293 1734 περὶ
325 1646 524 1734 πλήθουσαν
556 1645 698 1736 ιἰχορόν.
741 1647 759 1716 6
789 1649 825 1716 δὲ
853 1646 1021 1737 ὑπήντησε
1047 1651 1102 1718 καὶ

88 1757 284 1846 βουλομένω
312 1752 374 1878 τδχν
401 1753 500 1822 πόλιν
530 1757 740 1842 ίστορειν-
764 1782 808 1841 ην
835 1754 899 1844 γάρ
922 1782 980 1842 μοι
1003 1759 1101 1826 τοῦτο

47 1895 73 1936 15
87 1861 264 1951 πρόσχημα
291 1864 352 1929 τοῦ
379 1864 502 1947 φοιτᾶν
530 1865 577 1940 είς
605 1861 645 1929 τὰ
674 1860 813 1950 ίερό-
839 1887 1038 1990 περιηχητης
1068 1889 1102 1931 τε
1158 1924 1160 1928 ,

88 1969 219 2054 ἐγένετο
255 1970 311 2036 καὶ
347 1967 544 2096 έξενόχησέ
560 1993 599 2054 με
631 1971 840 2055 πανταχοῦ.
855 1965 956 2036 ἄκουε
985 1974 1103 2036 τοίνυν

87 2081 169 2163 ἔργα
193 2077 248 2143 καὶ
272 2076 422 2203 λόχους,
432 2071 492 2160 ἀφ’
518 2066 567 2141 οἷν
590 2072 633 2151 όιν
655 2100 704 2153 τις
728 2072 889 2142 εἰκάσειεν
913 2068 986 2142 οὐκ
997 2070 1103 2159 ιἰχνιί-

87 2207 177 2268 μονα
200 2180 240 2248 τὰ
263 2181 346 2270 πρὸς
368 2179 446 2259 τοὺς
467 2179 572 2258 θεοὺς
595 2176 707 2248 αὐτόν.

173 2285 305 2378 Ἡρῷόν
342 2288 433 2354 ἐστιν
456 2285 629 2374 Ἕκτορος,
667 2285 752 2354 ὅπου
789 2290 931 2373 χαλκοῦς
967 2288 1103 2373 ἕστηκεν

47 2426 74 2467 20
88 2391 228 2480 ἀνδριὰς
252 2395 288 2459 έν
311 2399 437 2484 ναΐσκφ
461 2397 585 2480 βραχεῖ.
612 2391 719 2483 τούτῳ
742 2392 803 2460 τὸν
825 2395 930 2480 μέγαν
949 2390 1102 2479 ἀντέστη-

88 2521 153 2568 σαν
177 2497 324 2585 Ἀχιλλέα
351 2497 434 2565 κατδι
461 2497 498 2566 τὸ
522 2496 701 2585 ὕπαιθρον.
748 2504 778 2567 εί
799 2498 860 2566 τὸν
881 2501 986 2567 τόπον
1009 2498 1102 2566 ἐθεά-

89 2626 154 2691 σω,
187 2611 356 2692 χνωρίξεις
384 2604 558 2691 δήπουθεν
582 2600 600 2672 6
624 2606 717 2690 λέγω.
758 2603 820 2691 τὴν
843 2604 905 2692 μὲν
928 2598 992 2680 οὖν
1016 2609 1102 2674 ἱστο-

88 2848 167 2906 πίοις
187 2847 319 2898 excidisse
338 2852 405 2912 puto
424 2849 484 2905 τοῖς
502 2838 608 2931 λόχοις.
638 2847 793 2898 Hercherus
811 2862 876 2898 vero
896 2848 1012 2898 οοιιιειιιι
1029 2865 1046 2912 η
1068 2843 1101 2900 δὲ

36 2976 38 2980 y
87 2908 182 2996 ᾑμέροι
200 2906 320 2980 καθαροὶ
338 2915 482 2980 καθαροῖς
501 2917 576 2972 τοῖς
595 2907 705 2994 ιεροις
726 2914 791 2976 (ιιοιι
809 2916 870 2994 τοῖς
887 2930 918 2964 τε
939 2909 1041 2979 ίεροῖς,
1070 2922 1102 2966 ut

88 2985 117 3033 in
135 2984 238 3033 Herma
255 2997 345 3032 errore
363 2982 475 3046 legitur)
494 2979 542 3032 καὶ
561 2986 621 3040 τοις
640 2973 794 3046 ὀλυμπίοις
812 2973 980 3032 ἀνακείσθω
997 2982 1082 3042 θεοις

158 3056 172 3100 1
196 3051 277 3099 Hanc
300 3049 492 3114 epistolamc
510 3048 746 3114 Henningius(=
758 3049 857 3111 Henn.)
881 3065 896 3098 e
920 3049 1013 3100 codice
1032 3051 1102 3099 Har·

88 3115 247 3181 leiano(=
258 3117 345 3196 Harl.)
363 3117 473 3198 primus
492 3114 586 3167 edidit.
622 3117 680 3166 Vid.
701 3117 791 3167 Praef.
810 3116 871 3167 Vol.
890 3118 926 3168 ΙΙ.
998 3120 1015 3167 4
1033 3107 1102 3182 ἠπί-

88 3200 176 3236 σταιο
192 3176 328 3266 Hem]
313 3180 456 3236 υπέστατο
475 3184 551 3236 Harl
568 3180 728 3250 Ισέβεσθαι
747 3182 849 3250 Hem]
869 3179 1009 3236 σείεσθαι
1023 3184 1101 3237 Harl

88 3256 104 3302 6
123 3243 294 3318 απαηχελλω
312 3251 412 3318 Ηοιιιι]
438 3243 589 3331 ιἰιιοιχχέλω
607 3253 686 3303 Harl.
719 3251 724 3317 Ι
757 3250 860 3317 φιλίαν
877 3249 977 3333 Ηοιιιι.]
998 3250 1101 3317 φιλίαν

87 3321 182 3372 ταῦτα
200 3322 279 3371 Harl.
366 3323 380 3370 7
409 3316 620 3387 διετεθρύλητο
638 3318 742 3387 Hem]
775 3316 1004 3383 διατεθρόλλητο
1022 3318 1101 3370 Harl.

88 3387 173 3440 8ναλ
192 3389 252 3438 add.
271 3388 298 3437 Η
376 3390 406 3437 11
431 3389 634 3441 Κωνσιανιίου
652 3386 752 3471 Hem]
782 3384 1006 3440 Κωνσταντίνου
1023 3387 1101 3436 Harl.

88 3451 155 3506 13
140 3474 181 3509 υπ
194 3450 290 3521 ’ντησέ
308 3471 357 3522 μοι
375 3453 425 3507 καὶ
443 3457 470 3506 Η
533 3461 566 3509 20
584 3449 897 3524 τούτῳ-ἀντέστησαν
914 3451 1016 3520 Hem]
1037 3449 1102 3506 τιν’-

88 3539 178 3576 του-
146 3475 309 3589 -έσιησοιν
327 3523 405 3574 Harl.
