2392 3960
100 150 163 215 336
401 151 545 203 Ιυοοιαι
566 151 812 202 Ιοιοιιοενοεωε

101 277 203 360 αὐτὸς
230 276 401 366 ἠπίστασο.
446 277 486 346 τὰ
515 278 552 346 δὲ
570 280 607 346 ἐν
632 275 741 367 Ἰωνίᾳ
769 275 853 367 πρὸς
870 275 931 345 τὸν
949 278 1008 347 καὶ
1026 278 1113 365 γένει

101 385 313 474 προσήκοντα
341 386 395 453 καὶ
423 390 518 475 φιλίᾳ
537 387 664 471 μᾶλλον
684 389 808 453 οἰκεῖον
836 380 919 512 ύντᾳ
946 410 1006 471 μοι
1032 408 1114 475 πρα-

102 493 227 580 χθέντα
254 490 416 580 πρότερον
435 485 519 579 ὑπὲρ
548 487 673 579 ἀνδρὸς
691 491 789 571 ξένον
816 487 918 579 μικρά
945 492 1114 571 παντελῶς

102 603 273 686 γνωρίμου
292 625 349 686 μοι
367 599 561 685 γενομένου,
584 598 645 665 τοῦ
665 597 829 683 σοφιστοῦ
848 602 945 685 φημί,
973 598 1114 685 λέληθεν

103 701 206 773 οὐδέν
239 725 284 772 σε.
330 700 521 796 ἀποδημίας
549 701 586 771 δε
618 699 679 788 ούχ
715 686 863 788 ύπέστην
898 705 968 770 των
1006 708 1135 791 φίλωνο

103 813 213 891 ἕνεκας
246 816 354 878 καίτοι
381 815 553 900 Καρτερίφ
582 808 643 896 μὲν
676 804 766 877 οἶσθ’
798 833 888 889 οπως
914 808 1114 898 συνηράμην

60 914 187 1005 Βπρὸς
213 914 274 985 τὸν
301 917 433 1005 ἑταίρου
459 911 539 1002 ήμίυ
558 911 761 1001 ἀφικόμενος
785 911 936 1003 Ἀράξιον
964 911 1113 1003 ἄκλητος,

103 1019 186 1110 ὑπὲρ
219 1019 325 1090 αύτοῦ
358 1022 567 1109 δεησόμενος.
612 1017 696 1109 ὑπὲρ
730 1019 767 1088 δὲ
798 1023 866 1088 τῶν
897 1024 956 1107 τής
982 1031 1113 1109 θωυμα-

105 1136 179 1209 σίας
203 1126 333 1215 Ἀρετῆς
360 1127 534 1216 κτημάτων
566 1129 620 1195 καὶ
649 1119 697 1194 ὧν
725 1129 903 1196 ἐπεπόνθει
930 1125 1024 1216 παρὰ
1050 1129 1114 1195 των

104 1233 267 1321 γειτόνων
295 1231 357 1302 ούκ
376 1240 422 1314 είς
448 1232 510 1320 τήν
530 1239 683 1321 Φρυγίαν
701 1231 738 1300 τὸ
759 1233 917 1322 δεύτερον
945 1230 1113 1321 ἀφικόμην
1123 1252 1155 1327 ¹⁰¹

105 1343 142 1408 ἐν
171 1337 250 1407 οὐδὲ
270 1337 359 1419 ὅλοις
387 1341 466 1427 μησὶ
486 1339 559 1424 δύο,
588 1337 756 1418 ἀσθενοῦς
778 1336 844 1427 ήδη
872 1365 929 1426 μοι
947 1330 1130 1419 παντελῶς·

105 1443 203 1526 ὄντος
233 1449 294 1514 τού
328 1445 478 1532 σωματος
511 1442 567 1512 διά
598 1443 660 1532 τὴν
692 1446 930 1532 ἐπιγενομένηυ
962 1440 1031 1515 ὑπὸ
1061 1446 1115 1532 της

105 1551 268 1640 πρότερον
294 1557 520 1632 κακοπαθείας
539 1549 741 1639 ἀρρωστίαν;
771 1547 853 1618 ἀλλά
872 1549 914 1638 δή
941 1548 979 1621 τὸ
1009 1559 1113 1620 τελευ-

105 1673 200 1726 ταῖον
227 1655 291 1747 πρὸ
320 1661 379 1744 τής
397 1661 444 1737 είς
467 1655 529 1744 τήν
553 1653 693 1726 Ἑλλάδα
722 1659 902 1744 γενομένης
929 1652 1012 1745 ἡμῖν
1040 1653 1113 1745 ἀφί-

1 1790 2 1794 ’
105 1765 195 1848 ξεως,
223 1760 277 1832 ὅτε
295 1765 370 1852 περὶ
388 1765 456 1830 τῶν
474 1763 631 1850 ἐσχάτων,
660 1757 705 1843 ὡς
732 1758 775 1830 ἀν
793 1771 918 1831 είποιεν
938 1766 974 1832 οί
990 1766 1141 1849 πολλοί,11

53 1868 321 1941 προκινδυνεύων
349 1867 413 1954 ἐγὼ
444 1871 490 1960 τῷ
523 1870 733 1963 στρατοπίδῳ
766 1869 969 1957 παρέμενον,
1003 1864 1115 1949 ὁποίας

107 1983 256 2064 ἔγραφον
288 1973 461 2055 ἐπιστολὰς
492 1971 575 2065 πρὸς
608 1974 644 2043 σὲ
676 1976 742 2042 νύν
774 1969 1027 2063 ύπομνήσθητι,
1059 1972 1115 2065 μή·
1153 1972 1155 1985 '

106 2109 185 2151 ποτε
222 2079 380 2171 ὀδυρμῶν
411 2080 560 2171 πλήρεις,
592 2079 670 2169 μήτι
703 2079 822 2170 μικρὸν
854 2075 875 2168 ἢ
907 2078 1069 2151 ταπεινὸν
1097 2074 1116 2169 ἢ
1144 2094 1155 2115 ’·

106 2195 183 2256 λίαν
220 2184 357 2274 ἀγεννὲς
388 2186 536 2274 ἐχούσας.
582 2184 691 2255 ἀπιὼν
723 2186 761 2255 δὲ
794 2187 847 2256 ἐπὶ
882 2184 945 2274 τήν
977 2183 1117 2257 Ἐλλάδι

106 2294 222 2382 πάλιν,
251 2291 305 2362 ὅτε
332 2321 372 2381 με
399 2293 540 2381 φεύγειν
568 2292 720 2382 ἐνόμιζον
751 2293 887 2380 πάντες,
920 2289 982 2382 ούχ
1012 2289 1057 2376 ὥς
1083 2295 1145 2363 ἐν’

108 2401 204 2491 ἑορτή
232 2404 272 2489 τῇ
300 2406 436 2489 μεγίστη
463 2398 526 2487 τήν
546 2400 657 2534 τύχην
690 2402 836 2469 ἐπαινων
863 2395 1007 2489 ἡδίστην
1034 2406 1119 2533 ἔφην

109 2505 196 2574 εἶναι
222 2505 284 2594 τήν
312 2503 501 2594 ἀμοιβήνέ
501 2508 557 2595 μοὶ
575 2507 631 2574 καὶ
659 2504 697 2575 τὸ
717 2503 759 2594 δή
787 2507 969 2615 λεγύμευου
996 2506 1120 2599 χρύσεα

8 2640 12 2647 ·
107 2619 220 2739 χᾳλκεί
222 2641 284 2700 ων,
313 2610 501 2701 ἑκατόμβοι’
531 2615 735 2699 ἐννεαβοίων
763 2618 850 2741 ἔφην
877 2609 1119 2703 ἀντηλλάχθαις

68 2716 216 2800 Βούτως
247 2715 322 2788 ἀντι
354 2721 412 2807 τῆς
444 2722 589 2807 ἐμαυτοῦ
618 2721 726 2800 εστίας
756 2717 818 2806 τήν
842 2715 983 2789 Ἑλλάδα
1011 2716 1120 2809 λαχάυ

108 2825 294 2914 ε’γανύμην,
328 2822 390 2894 ούκ
418 2823 538 2914 ἀγρόν,
567 2822 608 2895 ού
635 2827 760 2913 κῆπον,
789 2822 830 2894 ού
859 2825 1030 2914 δωμάτιον
1057 2828 1148 2897 buci*

109 2936 314 3019 κεκτημένος.
354 2929 434 3000 ἀλλὰ
455 2941 535 3013 ίσως
553 2938 645 3031 ἔοικα
670 2929 734 3018 ἐγὼ
754 2930 812 3014 τὰς
831 2932 892 3021 μὲν
910 2936 1140 3025 δνσιτραγίιιςΙΙ

111 3034 173 3105 ούκ
206 3035 354 3123 ἀγεννῶς
382 3040 512 3127 φέρειν,
544 3036 628 3128 πρὸς
655 3037 692 3107 δὲ
719 3037 777 3121 τὰς
809 3037 898 3128 παρὰ
929 3041 990 3125 τῆς
1020 3038 1121 3129 τύχης

109 3240 178 3308 Pet]
198 3241 339 3324 δείγματα
409 3247 422 3294 1
442 3234 538 3312 Ἰωνίᾳ
555 3242 592 3310 Η]
610 3235 701 3316 Ἰονίᾳ
770 3237 878 3297 δούδδ
897 3238 929 3297 σί
950 3245 1021 3299 Rsk.
1091 3246 1122 3297 14

109 3307 266 3429 ᾳενομὲνης
290 3312 315 3361 Η
334 3315 362 3362 et
373 3310 460 3431 Cob]
488 3296 698 3391 διαγενομένης
783 3316 815 3364 17
839 3305 991 3391 ἐπιστολάς
1009 3309 1049 3383 V]
1072 3306 1108 3367 τᾶ

124 3371 262 3456 πιᾳτολάς
295 3376 299 3440 Ι
330 3373 456 3445 προςοδ
475 3377 522 3459 V]
546 3373 620 3498 πρός
639 3394 670 3431 σε
740 3383 772 3432 18
798 3372 917 3446 πληρεις
940 3380 1008 3437 Rsk.
1027 3386 1058 3435 ot
1076 3380 1105 3433 Η

108 3438 204 3525 πλήρη
289 3448 405 3498 22et23
428 3441 583 3529 γρύσευ-
607 3441 797 3515 ἐννεαβοίων]
820 3447 900 3499 Iliad
919 3446 953 3513 ζ,
969 3450 1022 3501 2⁸0
1090 3450 1122 3501 2⁵

110 3506 257 3579 ἐγανυμην
275 3506 347 3580 Η]’
333 3531 498 3580 εγοιυννμην
