2370 3908
120 161 184 225 5ῖο
416 164 560 214 mmm
578 161 828 214 IMPERATORIS

119 295 178 384 ὑφ’
212 295 308 385 ήμῶν
339 301 408 366 τῶν
439 294 620 386 ὀύιμαθῶν
651 295 899 386 άγνοούμευον,
934 295 1020 367 ἄνθ’
1045 298 1139 390 ,ὅπου

72 404 202 489 ιιεπρδς
232 409 301 473 τῶν
327 409 419 473 θεῶν
447 401 662 491 εὐλαβεῖσθαι
690 410 787 492 ἔφης,
819 403 864 493 μή
890 411 1008 492 τρίτον
1036 427 1140 493 προσ-

119 510 279 599 κρούσης;
317 507 359 578 ού
386 509 449 598 γὰρ
478 509 519 597 δὴ
542 511 694 598 πονηρὸν
716 513 752 579 ἐκ
774 514 922 599 χρηστοῦ
943 530 981 579 σε
1004 509 1139 598 ποιήσω

120 617 308 704 χαλεπήνας
334 617 415 705 έγω’·
452 616 595 704 ζηλωτὸς
620 617 685 705 γὰρ
708 613 780 707 (ἂν)
806 609 850 705 ήν
874 618 912 685 ἐν
934 620 1014 707 δίκη
1037 623 1139 688 τοῦτο

120 725 321 813 δυνάμενος·
349 716 370 812 ή
393 723 473 811 γάρ,
501 722 547 804 ὥς
568 744 651 811 φησι
674 726 834 811 Πλάτων,
856 726 912 792 καλ
934 720 1163 796 τούναντίονι

121 826 191 910 οἷός
212 858 247 898 τε
270 823 314 918 ήυ
337 829 389 899 άν.
417 827 604 899 ἀδεσπότου
627 830 665 899 δὲ
686 835 745 918 τής
767 828 885 918 άρετής
906 829 1141 923 ούσηςῖέχρήν

122 937 379 1024 ὑπολογίζεσθαι
408 937 515 1026 μηδὲν
545 941 615 1006 τῶν
640 937 813 1006 τοιούτων.
857 935 931 1006 ἄλλ’
962 946 1028 1006 οίει
1055 939 1141 1026 μέγα

119 1045 156 1113 τὸ
184 1043 312 1123 πάντας
334 1043 395 1129 μὲν
418 1050 644 1131 βλασφημεῖν,
676 1047 757 1112 πᾶσι
780 1043 818 1111 δέ
840 1041 953 1125 ἅπλῶς
974 1048 1141 1132 λοιδορεῖ-

120 1161 217 1238 σθαι,
249 1152 304 1219 καὶ
336 1149 374 1218 τὸ
401 1154 460 1238 τῆς
487 1149 621 1238 εἰρήνης
647 1152 784 1238 τέμενος
809 1147 1016 1238 ἀποφαίνειν
1044 1153 1140 1241 ἐργα-

120 1258 259 1346 στήριον
272 1259 458 1348 (πολέμου).
480 1252 619 1344 δήτοῦτο
637 1261 782 1344 νομίζεις
799 1253 885 1344 ὑπὲρ
901 1260 973 1327 τῶν
986 1266 1139 1327 παλαιάν
1150 1284 1173 1327 ιι

78 1363 366 1453 Βδιμαρτημάτωυ
401 1360 642 1450 ἀπολογεῖσθαι
678 1361 763 1450 πρὸς
793 1360 958 1449 ἅπαντας,
991 1364 1051 1432 ιιαδ
1081 1369 1137 1452 τῆς

120 1472 222 1538 πάλαι
250 1470 329 1538 ποτὲ
357 1474 520 1556 μαλακίας
540 1470 778 1557 παραπέτασμα
801 1466 865 1556 τήν
885 1470 954 1536 νῦν
976 1464 1136 1558 ἀνδρείαν

121 1576 211 1644 εἷναί
239 1596 309 1655 σοι;
347 1575 406 1644 τὸν
433 1579 548 1662 μῦθον
576 1573 720 1663 άκήκοας
746 1572 806 1642 τὸν
832 1579 987 1662 Βαβρίου
1020 1578 1134 1662 ,Γαλῆ

120 1681 193 1751 ποτ’
224 1680 349 1773 άνδρδς
381 1681 566 1770 εὐπρεποῦς
597 1682 819 1769 ἐρασθεῖσαίί·
860 1678 902 1748 τά
929 1681 969 1750 δὲ
994 1681 1133 1753 άλλαὰ

120 1794 181 1858 τού
213 1797 347 1877 βιβλίου
377 1791 541 1877 μάνθανε.
584 1788 692 1858 πολλδι
720 1787 824 1858 είπδνυ
851 1789 977 1859 ούδένα
1002 1785 1051 1859 ἂν
1072 1795 1167 1859 πεί-ιε

121 1916 213 1976 σειας
244 1894 450 1986 ἀνθρώπων,
483 1894 529 1975 ὡς
561 1891 603 1965 ού
629 1897 771 1983 γέγονας
797 1894 878 1985 ὅπερ
905 1888 971 1964 οὖν
996 1896 1136 1984 γέγονας

120 2004 175 2070 καὶ
210 1998 285 2073 οἷον
316 2004 434 2071 πολλοὶ
466 2002 568 2071 πάλαι
601 2020 638 2069 σε
668 1999 860 2088 ήπίσταντο.
907 2000 973 2089 τήν
1002 2006 1074 2071 νῦν
1100 2001 1136 2071 δδ

122 2106 273 2196 ἀμαθίαν
304 2110 359 2176 καὶ
390 2107 428 2177 τὸ
461 2108 592 2196 θάρσος
625 2104 687 2195 ούχ
717 2103 739 2196 ή
771 2112 957 2194 φιλοσοφία
984 2105 1033 2195 μδ
1060 2107 1137 2187 τούς

121 2214 225 2294 θεοὺς
257 2216 431 2302 ἐνεποίησέ
461 2235 531 2300 σοι,
566 2211 769 2282 τούναυτίον
801 2212 839 2281 δὲ
870 2210 891 2301 ή
924 2216 1025 2302 διπλῆ
1055 2212 1138 2283 κατὰ

62 2327 103 2397 ,Ο
123 2320 290 2412 Πλάτωνα
313 2319 441 2408 άγυοια.
482 2319 694 2388 κινδυνεύων
716 2318 780 2409 γὰρ
803 2319 929 2387 είδέναι
950 2321 1073 2408 μηδέν,
1092 2318 1167 2403 άςιι

122 2425 202 2496 οὐδὲ
233 2425 343 2515 ἡμεῖς,
380 2438 443 2497 οίει
474 2426 611 2496 πάντων
643 2426 728 2494 εἶναι
754 2424 962 2512 σοφώτατος,
999 2425 1044 2495 ού
1070 2431 1137 2497 τοῖν

121 2538 187 2602 νῦν
216 2531 325 2603 ὄντων
348 2533 499 2626 (μόνον),
531 2530 616 2602 άλλδι
641 2532 698 2600 καὶ
725 2533 796 2600 τάν.
820 2528 1029 2616 γεγονότων,
1058 2540 1136 2612 ἴσως

121 2639 158 2707 δὲ
194 2642 249 2708 καὶ
285 2644 353 2709 τῶν
390 2642 569 2728 ἐσομένων.
625 2636 713 2707 οὕτω
746 2657 800 2705 σοι
831 2631 915 2722 πρὸς
945 2631 1137 2726 ὑπερβολήν

121 2744 269 2835 ἀμαθίας
291 2746 331 2816 τδι
355 2751 412 2834 τής
435 2747 575 2834 οἰήσεως
597 2745 806 2814 ἐπιδέδωκεν.
899 2770 906 2815 .·

190 2914 401 2972 1τῶνεδδ.Α
456 2910 527 2970 4άν
546 2917 605 2971 εδδ.
624 2917 651 2967 Η
707 2907 874 2980 δΠλάτων]
894 2912 999 2965 Criton.
1018 2930 1047 2981 p.
1065 2914 1135 2967 441)

120 2982 208 3054 ὃμὲν
227 2984 339 3053 ΗεγΙεε]
358 2979 397 3052 μὴ
453 2989 483 3038 10
501 2981 630 3052 πολέμου
648 2983 710 3034 εδδ.
729 2973 883 3050 ΗΙτούτφ
901 2981 1052 3033 florianus
1104 2986 1135 3035 ll

118 3046 282 3120 αἰτιολογίαν
301 3055 368 3107 Βελε.
384 3055 389 3118 Ι
405 3043 521 3106 ἅπαντα
539 3055 562 3105 Δ
616 3055 647 3104 12
665 3042 791 3118 άνδρίατ
809 3052 833 3099 Α
886 3051 919 3100 18
935 3042 988 3101 τὸν
1003 3048 1136 3119 Γαβρίοιι

121 3123 183 3176 εδδ.
203 3125 276 3185 Bar.,
296 3115 346 3174 τὸν
365 3121 492 3187 φαβείον
509 3124 542 3186 Α,
561 3112 612 3173 τὸν
626 3117 753 3186 Βαβρίου
771 3118 884 3183 scripsit
895 3114 1006 3181 Ηογίεε.
1028 3116 1136 3169 Ριοιιλι

120 3197 165 3242 est
183 3190 289 3241 XXXII
308 3190 381 3256 apud
399 3192 605 3241 Lachmannum
659 3191 689 3239 1⁶
706 3192 734 3238 et
752 3188 784 3237 16
806 3184 937 3243 πείσειας
954 3180 1056 3252 Ηεοδ]
1075 3184 1136 3239 πεί·

120 3273 171 3327 σῃς
241 3261 272 3310 16
291 3247 396 3323 ὅσπερλ
467 3260 497 3308 17
516 3253 546 3309 οἲ
563 3252 664 3334 πολλοί
682 3260 738 3321 pet.
756 3252 855 3320 spanh.
896 3254 949 3331 ,18
965 3242 1082 3318 θάρσος
1097 3248 1134 3334 A]

121 3318 231 3391 θράσος
246 3324 250 3390 1
267 3318 284 3393 ή
303 3324 362 3376 εδδ.
381 3325 404 3375 Α
472 3328 506 3375 20
523 3324 686 3376 κινδυνευω
702 3323 740 3384 Α,
763 3320 950 3379 κινδυνεύεις
966 3320 1070 3379 Hrob„
1089 3336 1136 3387 qm

121 3410 160 3445 ιε.
180 3396 212 3444 21
232 3401 295 3457 post
313 3392 369 3444 οίει
387 3407 419 3442 ex
438 3392 461 3441 Α
480 3387 512 3445 δὲ
531 3393 649 3443 inseruit
687 3393 720 3440 21
739 3389 796 3442 οίει
814 3382 848 3441 δὲ
866 3388 903 3448 Δ,
922 3385 971 3455 aly
987 3402 1006 3440 v
1021 3392 1027 3447 Ι
1040 3378 1136 3455 σοφά·

119 3477 205 3520 τατος
223 3458 256 3526 Α]
275 3454 437 3527 σοφάτερος
494 3463 527 3511 ⁶22
544 3452 635 3526 μόνον
652 3456 717 3511 εδδ.
735 3459 762 3508 Η
808 3458 840 3507 23
859 3452 916 3509 τάν
933 3446 1079 3523 ἐσομένων
1095 3452 1129 3522 Δ]

120 3520 264 3594 ἐσομένων
333 3531 367 3580 24
384 3522 564 3582 ἐπιδέδωκεν
582 3525 615 3593 Α]
635 3519 761 3579 ἐπέδωκε
