2392 3960
32 40 177 121 ΓΗΓΞἻΚΙ
198 40 226 53 -·““
248 42 251 47 “

489 165 621 218 ORATIO
639 167 687 217 1v.
1030 167 1092 233 135

78 292 157 364 οὔτε
184 293 251 384 γὰρ
280 290 362 381 δμὴ
390 298 459 361 ἔστι
486 293 651 380 βούλεται,
680 291 756 363 οῦτε
784 289 802 362 δ
830 293 986 381 βούλεται
1005 299 1091 385 δρᾶν

78 397 121 470 ού
140 401 267 487 σθένει,
295 394 375 469 οὔθ’
407 394 489 486 δμη
508 399 649 468 δύναται
668 402 816 490 ἐνεργεῖν
834 402 950 471 έθέλει.
986 404 1091 471 ταῦτα

77 507 141 595 μέν
172 497 237 576 οῦν
268 507 343 596 περὶ
375 502 436 573 τὸν
467 502 652 595 ἄνθρωπον
685 502 744 593 ούχ
779 497 856 588 οἶδε,
881 512 959 595 ἔχει·
997 507 1091 598 διττὴ

78 613 145 701 γάρ
177 616 248 681 έστι
279 612 448 700 μαχομένη
485 611 588 698 φύσις
620 617 667 692 εἰς
698 616 736 680 ἓν
768 615 950 702 κεκραμένη
983 618 1092 703 ψυχῆς

51 720 137 796 ml
165 716 330 807 σώματος,
362 720 420 805 της
447 715 508 805 μέν
538 723 650 805 θείας,
687 721 750 786 τοῦ
783 718 820 787 δὲ
853 724 1026 789 σκοτεινοῦ
1057 748 1092 790 τε

78 826 136 894 κοιλ
169 824 353 912 ζοφωδους
386 825 476 893 ἔοικέ
504 849 539 891 τε
571 821 657 892 εἶναι
684 823 770 912 μάχη
801 851 852 904 τις
882 828 938 895 καὶ
971 825 1091 908 στάσις.

79 932 151 1001 ἐπεὶ
178 932 235 1000 καὶ
258 927 483 1019 Ἀριστοτέλης
510 931 593 1016 φησὶ
622 927 737 998 διὰτὸ
766 933 898 1000 τοιοῦτο
927 931 1006 1020 μήτε
1032 930 1092 1015 τὰς

79 1033 208 1126 ἡδονάς
235 1031 409 1123 ὁμολογεῖν
427 1035 507 1124 μήτε
534 1034 593 1116 τὰς
615 1034 723 1116 λύπας
745 1033 901 1124 ἀλλήλαις
928 1040 965 1105 έν
992 1034 1144 1126 ἡμῖνίεο

79 1141 118 1213 τὸ
148 1140 214 1230 γὰρ
241 1144 378 1231 θατέρᾳ,
407 1146 501 1228 φησί,
528 1144 596 1209 τῶν
624 1144 661 1210 έν
688 1137 768 1230 ἡμῖν
796 1140 933 1229 φύσεων
960 1138 1028 1232 ἡδὺ
1051 1148 1092 1234 τῇ

38 1285 65 1324 10
78 1246 164 1339 πρὸς
195 1248 321 1335 ταύτην
353 1244 562 1335 ἀντικειμένη
597 1249 748 1334 πέφυκεν
780 1245 948 1334 ἀλγεινόν
985 1252 1032 1318 έν·
1055 1250 1092 1319 δὲ

78 1369 151 1436 τοῖς
186 1365 280 1434 θεοῖς
316 1348 418 1423 οὐδέν
454 1355 524 1420 ἐστι
559 1351 700 1422 τούτων·
738 1350 838 1444 οῦσίςι
873 1354 937 1445 γάρ
979 1353 1093 1437 αὐτοῖς

78 1457 221 1549 ὑπάρχει
247 1455 380 1546 τάγαθδι
407 1461 463 1527 καὶ
491 1461 661 1546 διηνεκῶς,
690 1456 731 1528 ού
748 1460 828 1529 ποτὲ
855 1461 926 1549 μέν,
954 1462 1033 1530 ποτε
1057 1459 1089 1531 δ’

80 1564 132 1635 ού.
176 1569 311 1656 πρῶτον
338 1556 402 1635 οῦν
429 1562 554 1654 ὅσαπερ
582 1571 720 1652 ἔφαμεν,
747 1564 808 1654 τὴν
836 1564 958 1635 ούσίαν
986 1565 1092 1636 αύτοῦ

79 1675 290 1763 παραστῆσαι
330 1671 546 1759 βουλόμενοι,
586 1668 688 1739 ταῦθ’
727 1668 807 1759 ἡμῖν
843 1676 1000 1763 εἰρῆσθαι
1035 1675 1092 1742 καὶ

42 1812 68 1853 15
79 1779 155 1867 περὶ
186 1781 256 1846 τῶν
287 1777 464 1863 δυνάμεων
495 1778 551 1844 καὶ
585 1779 760 1867 ἐνεργειῶν
791 1782 976 1865 νομιστέον.
1022 1780 1092 1849 ἐπεὶ

80 1884 119 1953 δὲ
151 1888 189 1953 έν
225 1897 294 1965 τοῖς
328 1882 493 1964 τοιούτοις
525 1878 542 1951 ὁ
575 1883 674 1970 λόγος
710 1889 818 1953 ἔοικεν
849 1882 1091 1975 άντιστρέφειν,

81 1986 144 2059 ὅσα
176 1991 232 2059 καὶ
263 1991 338 2080 περὶ
369 1992 437 2058 τῶν
469 1989 647 2075 δυνάμεων
682 1985 789 2057 αύιοῦ
823 1992 880 2058 καὶ
916 1994 1092 2081 ένεργειῶν

81 2098 200 2184 ἐφεξῆς
227 2098 428 2183 σκοποῦμεν,
455 2098 560 2163 ταῦτα
589 2092 651 2164 ούκ
670 2101 751 2184 ἔργα
778 2094 895 2183 μόνον,
923 2092 1007 2164 άλλδι
1034 2098 1131 2166 καὶΒ

82 2199 203 2271 ούσίοιν
229 2204 414 2290 νομιστέον.
451 2202 515 2269 εἰσὶ
542 2200 607 2287 γάρ
625 2228 677 2270 τοι
694 2202 772 2270 θεοὶ
800 2217 973 2289 συγγενεῖς
991 2198 1077 2294 ‘HM‘

44 2310 137 2382 ιοκαὶ
165 2323 340 2395 συμφυεῖς,
366 2304 429 2394 τὴν
456 2304 622 2396 άχραντον
641 2304 763 2376 ούσίαν
789 2311 851 2376 τοῦ
879 2311 965 2376 θεοῦ
991 2335 1091 2396 κορυ-

80 2414 258 2502 φούμενοι,
285 2411 540 2501 πληθυνόμενοι
557 2412 618 2500 μὲν
646 2416 683 2482 έν
710 2416 756 2505 τῷ
783 2412 908 2506 κόσμῳ,
935 2415 1009 2503 περὶ
1032 2411 1091 2481 αύ-

79 2519 141 2590 τὸν
169 2520 207 2588 δὲ
234 2522 388 2600 ἑνοειδῦς
415 2517 517 2599 ὄντες.
554 2515 655 2588 άκουε
674 2517 716 2608 δὴ
743 2522 877 2610 πρῶτον
905 2517 967 2589 ὅσα
987 2520 1092 2607 φασὶν

81 2631 117 2696 οἱ
141 2625 203 2695 τὸν
231 2623 380 2715 ούρανὸν
408 2621 470 2712 ούχ
497 2621 607 2713 ὥσπερ
636 2629 730 2694 ἵπποι
757 2627 812 2694 καὶ
845 2626 922 2713 βόες
950 2622 1093 2716 ὁρῶντες

79 2730 102 2820 ἤ
129 2759 162 2800 τι
190 2734 258 2801 τοῖν
286 2729 418 2817 άλόγων
445 2731 502 2798 καὶ
529 2727 674 2818 άμαθῶν
698 2730 800 2824 ζῴων,
828 2728 896 2801 ἀλλ’
926 2733 958 2812 έξ
987 2729 1092 2801 αύτοῦ

168 2909 421 2984 1οῦτεΗ]ούδέ
453 2915 458 2982 Ι
490 2913 529 2985 μὴ
550 2913 609 2970 ἔστι
627 2915 664 2984 V]
689 2912 729 2986 μή
747 2912 807 2971 έστι
839 2917 844 2984 Ι
877 2911 943 2971 ούτε
961 2916 997 2984 Η]
1021 2914 1092 2972 οὐδέ

78 2992 96 3041 5
120 2985 270 3039 σκοτεινοῦ
292 3002 323 3038 τε
345 2983 378 3052 V]
403 2983 552 3038 σκοτεινοῦ
639 2988 654 3038 ’λ
676 2988 789 3040 Δτίεῖοῖ.
809 2987 873 3040 Eth.
890 2989 949 3038 Nic.
969 2986 1035 3050 VII,
1061 2990 1093 3038 15

77 3074 106 3123 p.
126 3055 223 3106 1154b
242 3053 294 3119 201
313 3047 428 3106 τοιοῦτο
445 3051 480 3119 V]
498 3050 631 3106 τοιοῦτον
650 3055 655 3115 Ι
674 3046 747 3121 μήτε
765 3054 807 3104 bia
824 3051 861 3119 Η]
879 3049 955 3121 μηδὲ
1024 3047 1091 3106 9τδ

77 3115 135 3191 γάρ
153 3121 292 3173 MbEFG
311 3120 415 3174 πιστοῦ.
433 3119 500 3187 φεῖ]
519 3116 537 3188 ἦ
554 3115 610 3204 γάρ
627 3123 652 3173 V
670 3121 767 3187 spanh.
845 3125 904 3173 θεῖ
918 3125 949 3173 10
966 3116 1091 3187 θατέρᾳ,

78 3188 169 3258 φησί,
190 3189 247 3240 τῶν
265 3182 296 3241 έν
312 3181 385 3256 ἡμῖν
407 3182 522 3252 φύσεων
545 3181 605 3255 ηδδ
627 3187 662 3255 τῇ
680 3181 752 3250 πρὸς
773 3185 883 3256 ταύτην
907 3179 1093 3257 ῦντικειμένη

77 3261 153 3320 Pet„
171 3261 324 3323 praeeunte
342 3258 370 3306 in
386 3256 528 3322 plerisque
540 3256 678 3321 Mamilio,
696 3251 824 3322 θάτερον
841 3255 958 3318 MbEF,
977 3249 1092 3321 φύσεων

79 3315 158 3392 αῦτη
175 3319 247 3389 πρὸς
264 3317 373 3391 ταύτην
391 3318 577 3391 ἀντικειμένη
594 3325 659 3376 libri
677 3331 706 3375 et
721 3340 740 3374 v
810 3327 840 3373 11
859 3317 976 3388 τούτων]
996 3323 1092 3373 Malim

77 3392 216 3446 τοιοῦτον
286 3384 624 3471 32cdyaa&Mb1}FG]
643 3383 799 3470 τάύγοιλχά
870 3395 900 3441 12
914 3399 942 3442 et
955 3393 986 3441 13
1005 3384 1039 3440 δέ
1057 3382 1092 3440 ού

77 3462 163 3512 vm>
232 3461 265 3509 22
284 3474 373 3510 ακουε
390 3455 512 3524 Mal-cil]
532 3452 652 3511 ακούετε
710 3462 742 3509 24
760 3475 778 3525 η
797 3456 827 3510 τί
844 3459 886 3520 Vl
908 3472 998 3510 αυτον
1015 3455 1091 3522 l1br1]

79 3523 173 3582 αύτοῦ
191 3525 244 3579 τοῦ
262 3525 391 3593 φανεροῦ
