2392 3960
483 161 705 215 MISOPOGON.
1035 161 1101 226 459

84 297 256 384 ἐλευθέρα.
283 297 327 365 σὺ
349 297 387 364 δὲ
410 295 513 378 άξιοῖς
533 324 612 376 τους
631 298 668 365 ἐν
686 294 769 386 αὐτῇ
789 303 987 377 νεανίσκους
1005 295 1100 384 άγειν

83 400 227 488 ἡσυχίαν
255 405 311 471 καὶ
339 403 480 491 μάλιστα
503 403 565 491 μὲν
592 417 733 491 φρονεῖν
760 402 822 489 ὅ,τι
845 424 899 472 σοι
922 410 1038 492 φίλον,
1071 410 1102 474 εί

85 511 123 577 δὲ
151 510 211 597 μή,
242 512 454 597 φθέγγεσθαι
482 509 572 579 ὅσων
600 505 643 577 άν
664 507 771 597 ἡδέως
793 508 961 589 ἀκούσαις.
1007 514 1043 578 οί
1063 511 1100 578 δὲ

84 613 141 683 ὑπ’
178 618 368 699 ἐλευθερίας
400 615 541 683 είείθασι
572 613 751 701 κωμάζειν,
783 612 834 682 άελ
861 615 924 702 μὲν
951 617 1101 696 ἐπιεικῶς

55 720 166 790 ταύτὸ
195 725 383 805 ποιοῦντες,
414 723 451 788 ἐν
479 720 516 788 δὲ
542 734 615 798 ταῖς
642 721 771 807 ἑορταῖς
796 720 909 790 πλέον.
943 719 1101 790 Ἕδωκάν

83 853 163 896 ποτε
190 832 259 896 τῶν
285 826 449 895 τοιούτων
473 823 681 912 σκωμμάτων
698 822 873 913 Ῥωμαίοις
900 833 1142 913 Ταραντῖνοιθ

84 937 195 1017 δίκας,
235 932 286 1001 ὅτι
322 931 505 1019 μεθύοντες
542 932 579 998 ἐν
614 945 685 1010 τοῖς
721 939 919 1011 Διονυσίοις
954 930 1100 1020 ὕβρισαν

84 1036 197 1107 αὐτῶν
220 1038 282 1125 τὴν
304 1043 492 1127 πρεσβείαν.
521 1036 616 1125 ὑμεῖς
639 1040 679 1105 δί
699 1039 771 1105 ἐστε
792 1041 861 1106 τάν
883 1042 1099 1126 Ταραντίνων

83 1143 123 1211 τά
151 1143 258 1210 πάντα
285 1139 592 1231 εὐδαιμονέστεροι,
624 1140 699 1211 άντλ
726 1142 788 1230 μὲν
816 1140 940 1229 ὀλίγων
966 1141 1100 1231 ἡμερῶν

45 1278 69 1317 ιο
84 1248 168 1317 ὅλον
197 1245 424 1328 εὐπαθοῦντες
447 1248 617 1334 ἐνιαυτόν,
647 1246 722 1317 ἀντὶ
746 1249 783 1316 δὲ
804 1253 874 1318 τεάν
897 1249 1002 1330 ξένων
1024 1250 1100 1337 πρέ-

84 1361 194 1440 σβεων
231 1359 278 1432 είς
314 1352 437 1434 αὐτοὺς
473 1356 697 1442 ἐξυβρίζοντες
731 1354 825 1445 τοὺς·
846 1353 1008 1444 άρχοντας
1043 1355 1100 1422 καλ

83 1460 214 1528 τούτων
238 1459 365 1539 εἰςτὰς
389 1461 440 1527 ἐπὶ
463 1464 524 1529 τού
547 1467 678 1547 γενείου
700 1467 814 1549 τρίχας
835 1461 892 1528 καλ
913 1459 954 1529 τά
975 1464 1013 1531 ἐν
1030 1477 1101 1542 τοῖς

84 1573 266 1653 νομίσμασι
288 1564 490 1653 χαράγματα.
520 1559 634 1652 εὖγε,
657 1559 683 1634 ά
702 1573 834 1634 πολῖται
857 1565 1043 1655 σώφρονες,
1067 1570 1152 1651 ρίεεσ

83 1699 118 1739 τε
145 1678 315 1753 παίζοντες
340 1670 382 1740 τδι
408 1676 546 1740 τοιαῦτα
573 1673 629 1741 καὶ
657 1677 693 1742 οί
717 1677 785 1742 τῶν
812 1674 998 1755 παιζόντων
1020 1671 1100 1745 άπο-

47 1807 70 1846 15
85 1778 260 1866 δεχόμενοι
282 1778 338 1846 καὶ
361 1775 594 1856 ἀπολαύοντες.
640 1782 745 1865 δῆλον
768 1780 848 1868 γάρ,
871 1779 922 1850 ὅτι
945 1789 1019 1859 τοῖς.
1038 1779 1100 1867 μὲν

81 1884 213 1971 ἡδονὴν
235 1885 368 1971 παρέχει
390 1882 428 1951 τὸ
451 1884 572 1970 λέγειν,
595 1883 674 1963 τοὺς
696 1885 734 1952 δὲ
757 1884 795 1954 τὸ
819 1883 1008 1974 άκροάσθαι
1030 1891 1099 1955 τῶν

80 1990 248 2059 τοιούτων
271 1987 480 2078 σκωμμάτων
503 1986 684 2077 εὐφραίνει.
716 1988 838 2078 ταύτης
858 1990 941 2080 ὑμῖν
959 1990 1023 2077 ἐγὼ
1042 1995 1100 2077 τῆς

81 2095 243 2184 ὁμονοίας
265 2094 470 2181 συνήδομαι,
502 2094 557 2162 καλ
586 2085 624 2162 εὖ
650 2121 689 2181 νε
710 2109 834 2164 ποιεῖτε
856 2102 916 2184 μία
938 2097 981 2184 δὴ
1005 2095 1101 2177 πόλις

81 2197 183 2282 ὅντες
204 2202 245 2270 τά
271 2205 425 2283 τοιαῦτα,
457 2198 502 2279 ὡς
530 2199 637 2268 ἐκεῖνό
665 2226 704 2286 με
731 2198 884 2289 οὐδαμοῦ
910 2205 1099 2271 σπουδαῖον

39 2334 66 2378 εο
81 2307 166 2379 οὐδὲ
194 2305 340 2394 ζηλωτὸν
362 2316 486 2395 είργειν
508 2307 564 2375 καὶ
587 2304 738 2387 κολάζειν
760 2309 829 2375 τῶν
850 2308 939 2374 νέων
961 2306 998 2375 τὸ
1022 2304 1140 2375 &ud-B

80 2425 215 2483 λαστον.
260 2421 497 2501 παραιρεῖσθαι
530 2412 593 2500 γάρ
626 2413 695 2480 ἐστι
721 2413 777 2483 καὶ
805 2408 1016 2502 άποθραύειν
1041 2419 1100 2502 τῆς

81 2525 277 2606 ἐλευθερίας
304 2516 341 2586 τὸ
370 2501 570 2604 κεφάλαιον,
602 2527 636 2586 εῖ
653 2543 704 2597 τις
727 2513 883 2603 άφέλοιτο
906 2522 967 2589 τοῦ
990 2520 1100 2606 λέγειν

79 2628 139 2695 καλ
162 2624 317 2711 πράττειν
341 2623 403 2708 ὅ,τι
426 2623 606 2710 βούλονται
629 2618 709 2703 τοὺς
731 2620 942 2714 ἀνθρώπους.
987 2623 1100 2715 ὀρθῶς

81 2726 148 2802 οὖν
170 2729 267 2817 ὑμεῖς
288 2733 386 2798 τοῦτο
411 2728 546 2813 εἰδότες,
568 2727 619 2797 ὅτι
643 2731 698 2796 δεῖ
716 2726 757 2796 τδι
775 2728 883 2799 πάντα
901 2733 1100 2820 ἐλευθέρους

36 2865 65 2909 τε
82 2837 184 2921 εἶναι,
206 2838 340 2921 πρῶτον
362 2835 557 2922 ἐπετρέψατε
580 2823 652 2913 ταῖς
671 2835 827 2920 γυναιξὶν
845 2834 958 2925 ἄρχειν
976 2835 1099 2923 αὑτῶν,

508 3032 570 3092 ὀ
622 3031 710 3105 τι*
784 3011 943 3093 κατεῖ
1022 3034 1086 3058 ”

82 3126 144 3167 σεις
163 3109 197 3165 F,
217 3123 341 3174 ακουσῃς
360 3109 386 3158 Η
446 3055 778 3170 δίύείαῖέιέορταδζωδδ
796 3110 842 3163 τιλ.
862 3037 1099 3176 εάεάῗαρδῖ.ακοίλ

81 3174 282 3240 ἐξυβρίζοντες
300 3176 337 3238 V,
361 3167 557 3253 ἐννβρίζοντερ
574 3176 693 3234 ΜθΡΡί,
720 3167 884 3242 ὑβρίζοντες
903 3192 921 3228 v
973 3181 1005 3227 15
1023 3171 1099 3228 α’πο·

83 3241 222 3311 λάβοντες
245 3244 315 3293 MbF
346 3267 348 3272 ·
419 3245 451 3293 16
478 3259 517 3312 τῳ
537 3241 703 3310 ακροᾶοθαι
721 3245 804 3306 Μοθ,
835 3236 1001 3308 άκροᾶοθαι
1019 3249 1099 3300 mart.

84 3314 195 3364 18—20
212 3311 304 3361 Verba
321 3307 371 3361 καλ
391 3297 422 3362 εὖ
440 3304 588 3376 γε-ούδέ
606 3302 731 3376 ζηλωτὸν
749 3327 801 3363 om.
819 3311 890 3363 MbE'
939 3314 970 3361 18
988 3310 1041 3376 μία
1061 3303 1097 3378 δὴ

81 3378 120 3444 Η]
150 3372 238 3444 μίαὴ
317 3382 348 3429 19
369 3371 450 3434 ἐετδι
469 3379 592 3430 τοιαῦτα
614 3379 676 3434 θεῖε.
757 3382 790 3431 ’20
812 3371 845 3430 τὸ
863 3378 926 3429 εδδ.
946 3378 1013 3429 Cob.
1032 3384 1098 3430 ante

82 3448 202 3512 εἵργειν.
240 3446 291 3496 Sed
314 3446 368 3496 vid.
392 3446 426 3496 ad
448 3445 574 3510 Xenoph.
599 3444 628 3496 0.
647 3448 681 3503 D.
704 3447 730 3508 1,
751 3448 776 3511 6,
796 3450 828 3498 10
844 3453 872 3495 et
888 3446 925 3497 H.
943 3444 1046 3511 Saupp.
1065 3445 1101 3497 ad

81 3515 225 3566 Demosth.
243 3518 267 3576 3,
287 3516 317 3564 12
386 3516 420 3565 25
437 3506 582 3580 ἐπέτρεψα
600 3513 626 3566 V
730 3517 731 3520 ’

153 3045 168 3090 2
187 3031 310 3115 ἠσμχίρν
328 3041 353 3090 V
405 3044 421 3092 3
440 3035 477 3104 φέ
