2392 3960
132 168 195 231 210
430 168 574 220 1UL1AN1
595 166 841 218 ιαΡυολΤοεΙε

133 298 352 386 δημιουργοῦ,
373 291 497 376 ὅςτῶν
516 295 645 364 ε’νύλων
664 297 765 363 είθῶν
792 292 871 376 τούς
889 294 1010 381 λόγους
1030 295 1146 382 ἐξηρη-

133 404 255 490 μένους
292 408 357 490 ἔχει
393 403 449 470 καὶ
487 415 636 489 συνεχεῖς
671 399 730 481 τὰς
767 405 889 487 αἰτίας,
922 396 942 488 η
974 407 1147 469 τελευταία

82 510 194 586 mua}
222 509 315 596 μέχρι
344 511 404 595 γης
432 504 497 576 ὑπὸ
525 514 720 598 περιουσίας
746 509 808 575 τοῦ
835 512 978 595 γονίμου
1006 506 1062 575 διὰ
1088 510 1148 593 τῆς

134 612 270 684 ῶνωθεν
300 612 389 703 παρὰ
421 617 490 683 τῶν
522 611 654 703 ῶστρων
686 613 884 702 καθήκουσα
917 612 1019 702 φύσις
1047 609 1064 682 ὁ
1094 621 1146 701 ζη-

133 721 294 809 τούμενός
326 724 416 789 ἐστιν
441 718 557 802 ’Ἀττις
603 730 683 801 ἴσως
715 719 752 788 δὲ
779 715 863 810 ὑπὲρ
897 711 939 789 οὗ
966 722 1050 805 λέγω
1083 718 1174 809 χρηε

134 834 306 915 διαλαβεῖν
334 828 549 916 σαφέστερον.
595 825 685 895 εἷναί
708 853 740 894 τι
768 827 907 913 λέγομεν
934 824 1034 914 ύλην,
1063 823 1147 894 ἀλλὰ

134 936 189 1003 καὶ
226 941 349 1002 ἔναλον
385 932 482 1015 εἶδος.
537 931 785 1002 ιἰλλῶτούτωυ
821 938 852 1000 εί
887 933 1016 1020 μήτις
1057 937 1148 1000 αίτία

134 1042 359 1130 προτέτακται,
388 1039 617 1127 λανθάνωμεν
640 1036 682 1107 ῶν
711 1035 850 1119 ἑαυτοὺς
878 1039 1067 1125 εἰσάγοντες
1085 1035 1148 1127 τὴν

132 1144 361 1235 Ἐπικούρειον
389 1146 501 1226 δόξαν.
548 1142 668 1235 ἀρχαῖν
686 1144 749 1235 γὰρ
779 1150 878 1213 δυοῖν
897 1151 928 1213 εί
954 1147 1059 1233 μηθέν
1078 1147 1148 1213 ἐστι

134 1253 375 1342 πρεσβύτερον,
409 1250 594 1339 αὐτόματός
630 1279 679 1333 τις
716 1248 818 1332 αύτὰς
850 1250 940 1341 φορὰ
972 1253 1028 1321 καί
1063 1251 1190 1339 τύχητε

95 1358 397 1448 Βσυνεκληρωσευ.
435 1356 506 1426 ἀλλ’
537 1354 677 1447 ὁρῶμεν,
706 1359 789 1446 φησί
816 1358 1080 1447 Περιπατητικός
1099 1384 1150 1438 τις

136 1461 295 1552 ἀγχίνους
328 1461 438 1554 ῶσπερ
471 1460 488 1532 ὁ
522 1467 703 1552 Ξέναρχος,
736 1463 864 1534 τούτων
897 1473 1005 1534 αίτιου
1038 1460 1078 1532 ὂν
1109 1461 1148 1532 τὸ

135 1573 283 1659 πέμπτον
311 1573 365 1638 καὶ
394 1570 554 1640 κυκλικὸν
574 1574 676 1658 σῶμα.
714 1580 842 1657 γελοῖος
866 1570 977 1641 δὲκαὶ
1002 1568 1149 1659 Ἀριστο-

135 1679 229 1764 τέλης
265 1673 349 1762 ὑπὲρ
381 1676 511 1745 τούτων
549 1679 653 1764 ζητῶν
685 1704 718 1745 τε
755 1677 810 1746 καὶ
846 1679 1149 1767 πολυπραγμονῶν,

137 1779 259 1870 ὁμοίως
287 1782 324 1851 δὲ
356 1785 411 1851 καὶ
441 1783 665 1873 Θεόφραστος·
698 1780 842 1871 ἠγνόησε
870 1786 955 1870 γοῦν
981 1785 1043 1871 την
1072 1785 1149 1851 ἕαυ-
1166 1808 1192 1849 ιο

136 1892 197 1957 τοῦ
230 1888 358 1977 φωνήν.
405 1887 514 1979 ῶσπερ
546 1889 610 1977 γὰρ
644 1895 691 1971 είς
722 1888 784 1977 τὴν
816 1887 995 1977 ιἰσῶματον
1028 1886 1152 1958 οὐσίαν

137 1991 247 2064 έλθῶν
274 1997 328 2064 καὶ
357 1994 482 2084 νοητὴν
514 2002 591 2084 ἔστη
620 1995 664 2084 μὴ
692 1999 982 2087 πολυπραγμονῶν
1009 1993 1071 2084 τὴν
1099 2000 1151 2064 αί-

135 2109 222 2188 τίαν,
251 2099 332 2170 ἀλλὰ
360 2100 427 2190 φας
456 2100 542 2171 οὕτω
553 2105 665 2171 ,ταῦτα
692 2105 889 2190 πεφυκέναι·
918 2105 1002 2192 χρῆν
1030 2102 1067 2171 δὲ
1091 2102 1152 2192 δή·

136 2219 269 2277 πουθεν
296 2210 352 2276 καὶ
380 2209 432 2276 ἐπὶ
450 2212 512 2277 τοῦ
539 2210 689 2297 πέμπτου
717 2209 868 2296 σώματος
895 2206 933 2277 τὸ
961 2211 1151 2296 πεφυκέναι

97 2315 240 2403 οταύτη
277 2315 490 2402 λαμβάνοντα
527 2317 642 2403 μηκέτι
675 2323 781 2403 ζητεῖν
811 2314 870 2396 τὰς
902 2321 1024 2401 αίτίας,
1057 2320 1151 2384 ίστα-
1165 2343 1192 2385 τι

137 2432 219 2489 σθαι
247 2421 283 2489 δὲ
302 2422 355 2488 ἐπὶ
383 2418 569 2490 αὐτῶνκαὶ
588 2419 632 2510 μη
660 2420 743 2511 πρὸς
765 2418 802 2489 τὸ
831 2419 954 2508 νοητὲν
982 2424 1154 2492 ἐκπίπτειν

137 2523 177 2596 ὂν
206 2526 267 2614 μὲν
296 2524 396 2595 οὐδὲν
424 2527 525 2614 φύσει
552 2526 631 2597 καθ’
663 2527 771 2614 ἑαυτό,
799 2533 876 2616 ἔχον
905 2527 941 2596 δὲ
964 2525 1071 2609 ῶλλως
1098 2557 1153 2598 κε-

137 2631 201 2720 υηυ
233 2628 408 2702 ὑπόνοιαν.
453 2637 593 2703 τοιαῦτα
620 2633 683 2723 γὰρ
716 2631 780 2720 έγῶ
809 2636 974 2723 μέμνημαι
1001 2638 1064 2703 τοῦ
1091 2638 1152 2712 Ξε-

137 2739 264 2827 υῶρχου
293 2741 448 2826 λέγοντος
476 2738 634 2828 ἆκηκοῶς.
681 2745 712 2808 εί
737 2739 797 2827 μὲν
825 2732 888 2809 οὖν
916 2737 1030 2830 ὀρθῶς
1056 2737 1077 2829 ἢ
1105 2741 1151 2832 μὴ
1190 2830 1192 2835 Ι

137 2848 241 2913 ταῦτα
262 2848 387 2927 ἐκεῖνος
406 2853 481 2935 ἔφη,
508 2862 578 2927 τοῖς
601 2845 687 2933 ῶγαν
706 2849 853 2933 ἐφείσθω
873 2844 1192 2936 Περιπατητικοῑςεί.

139 2949 318 3039 ὀυυχίζειν,
352 2950 401 3021 ὅτι
430 2953 467 3021 δὲ
495 2950 537 3022 ού
564 2956 740 3043 προσηνῶς
767 2955 838 3040 ἐμοὶ
870 2960 973 3022 παντί
995 2978 1064 3023 που
1091 2956 1151 3043 δῆ-

134 3067 209 3145 λον,
239 3055 325 3128 ὅπου
345 3062 456 3145 γεκαὶ
483 3057 541 3140 τὰς
566 3056 823 3149 Ἁριστοτελικας
850 3056 1030 3141 ὑποθέσεις
1058 3063 1149 3131 ένδε-

207 3339 239 3387 10
258 3325 349 3396 αύτάς
366 3333 407 3403 H]
427 3328 502 3388 αύτα
572 3340 603 3388 13
626 3338 737 3418 γελοῖος
755 3334 794 3406 H]
783 3334 928 3419 ]γελοῖον

137 3401 225 3472 τεΗ]
249 3402 338 3470 ζητῶν
357 3423 384 3456 τι
472 3407 503 3456 18
529 3420 602 3471 χρηυ
567 3401 658 3540 ίζΗμ
683 3422 736 3472 χρη
823 3408 856 3457 22
884 3398 972 3458 οὐδὲν
1009 3337 1075 3401 Μ
995 3336 1192 3461 Ηοζῶῆὶύύ

138 3476 171 3523 25
185 3479 213 3522 et
225 3475 257 3524 26
276 3477 336 3532 τοῖς
354 3463 481 3539 ύγαυ-
493 3463 595 3539 ύυυγίζ
596 3488 640 3524 ειν
672 3473 816 3526 Suidasv
841 3467 986 3539 ἐφείσθω·
995 3400 1152 3541 Ηφείσθσ

138 3532 249 3599 τούτοις
268 3533 444 3608 έξουυχίζειν
