2392 3960
117 128 179 191 418
415 127 559 178 IULIANI
580 124 830 176 1MPERAT0R1S

115 282 148 324 τι
174 252 295 345 πικρὸν
326 250 387 341 ὑφ’
417 249 513 341 ἡμῶν
541 252 707 341 ἐπράχθη,
740 249 814 320 οῦτι
841 250 1056 321 παντάπασιν
1084 257 1134 333 είς

116 359 289 442 ἀναιτίους
317 358 532 450 ἀνθρώπους,
559 356 642 427 ἀλλά
669 353 689 446 ἢ
718 356 875 438 πολλάκις
892 359 948 426 καλ
976 359 1030 427 ἐπὶ
1050 366 1132 427 πολ-

115 477 187 548 λοῖς
223 466 517 556 προσκρούσαντας
548 460 568 553 ἢ
601 467 647 556 τῷ
683 466 789 555 καιρῷ
821 461 866 553 μὴ
903 466 1013 545 καλῶς
1045 462 1132 552 μηδὲ

115 573 306 662 πρεπόντως
337 574 581 661 χρησαμένους,
613 566 826 659 ἠκολούθησε
858 572 944 655 γοῦν
977 571 1030 639 έπλ
1070 569 1133 659 μὲν

114 694 184 760 τοῖς
221 678 278 749 θιά
309 677 370 748 τὸν
401 666 521 767 καιρὸν
558 680 834 767 ἐξαμαρτηθεϊσιν
870 671 891 764 ἡ
924 679 1160 765 μωαμέλειωτ

116 784 262 874 σώφρων
289 785 380 854 πάνυ
407 787 464 854 καὶ
491 786 559 852 τῶν
586 782 858 874 έξημαρτηκότων
886 781 1027 873 σώτειρα
1057 789 1132 853 δαί-

75 911 96 966 0
115 918 197 980 μων,
225 890 304 973 τοὺς
323 892 360 960 δὲ
380 889 489 979 ὥσπερ
509 890 811 978 φιλοτιμουμένους
834 890 887 958 ἐπὶ
905 891 951 982 τῷ
970 890 1133 972 πολλάκις

114 994 366 1086 ἀπεχθάνεσθαι
398 998 453 1066 καὶ
486 995 710 1087 προσκρούειν
742 992 845 1065 οὐδὲν
882 993 976 1088 ρ’)’μην
1009 992 1133 1066 ἀδικον

57 1117 59 1121 ’
113 1119 222 1172 ποιεῖν
250 1104 406 1186 κολάζων.
699 1106 701 1111 ’
1002 1168 1005 1173 .

191 1206 278 1278 Ἐπεὶ
312 1209 349 1278 δὲ
381 1217 491 1300 εἴρητο
524 1209 580 1277 καί
611 1207 719 1301 τούτφ
752 1208 1078 1302 στρατιωτικώτερον
1111 1205 1167 1284 ὅτι

113 1315 226 1402 λόγος,
264 1316 318 1384 ἐπὶ
354 1313 414 1385 τὸν
444 1311 663 1401 Ὀκταβιανόν
699 1313 761 1402 τὴν
793 1311 916 1404 ὑδρίαν
954 1321 1078 1407 ἔφερεν
1110 1311 1129 1384 ὁ

112 1424 174 1489 τοῦ
199 1425 416 1502 Ποσειδῶνος
442 1420 613 1510 θεράπων,
641 1424 825 1512 έπιμετρῦν
844 1419 935 1514 αύτῷ
961 1425 1026 1492 τοῦ
1044 1419 1127 1491 ῦδα·

112 1554 168 1607 τος
200 1533 342 1596 ἔλασσον
375 1524 430 1596 διά
463 1524 524 1596 τὸν
555 1527 690 1617 καιρόν,
723 1524 830 1609 άλλως
855 1555 892 1597 τε
923 1530 980 1598 καλ
1008 1548 1126 1617 μνησι-

67 1636 224 1703 Βκακῦν
252 1631 342 1725 αύτῷ
369 1636 426 1721 τῆς
454 1639 501 1718 εἰς
527 1631 588 1703 τὸν
614 1632 700 1702 θεὸν
727 1629 968 1723 ὑπερηφανίας.
1009 1630 1127 1715 καλάς

112 1738 224 1829 ἐπειδὴ
264 1743 409 1827 συνῆκεν
436 1735 502 1808 ῦπὸ
536 1736 723 1828 ἀγχινοίας,
756 1737 854 1828 ἀφεὶς
884 1738 922 1809 τὸ
954 1741 1066 1829 λέγειν
1095 1766 1157 1813 τιιτ

110 1846 185 1934 περὶ
223 1848 291 1915 τῶν
327 1843 525 1938 ἀλλοτρίων,
559 1843 643 1933 Ἐγῦ
677 1847 729 1933 δέ,
766 1843 873 1934 εἶπεν,
906 1838 932 1915 ἀ
965 1850 1036 1919 Ζεῦ
1071 1846 1124 1917 καί

108 1959 200 2038 θεοί,
237 1955 298 2020 τοῦ
330 1952 504 2043 διασύρειν
540 1951 601 2040 μὲν
636 1950 677 2021 τά
708 1955 777 2022 τῶν
814 1950 926 2024 ἀλλων
956 1959 1039 2044 ἔργα
1071 1953 1125 2022 καλ

110 2056 209 2148 μικρά
246 2072 355 2127 ποιεῖν
387 2056 566 2147 ἀφέξομαι,
603 2060 689 2150 περὶ,
711 2058 748 2128 δὲ
783 2061 853 2128 τῶν
886 2061 1036 2147 ἐμαυτοῦ
1065 2056 1124 2129 τὸν

108 2164 217 2233 πάντα
244 2165 424 2254 ποιήσομαι
451 2165 563 2251 λόγον.
599 2167 675 2246 νέος
701 2165 874 2257 προύστην
896 2168 954 2254 τῆς
977 2167 1124 2259 ἐμαυτοῦ

108 2270 234 2351 πόλεως
263 2269 372 2361 ὥσπερ
400 2262 499 2352 οὗτος
527 2267 544 2339 ὁ
569 2285 723 2358 γενναῖος
746 2268 971 2362 Ἀλέξανδρος,
997 2272 1158 2362 κατάρ-ιι

107 2386 206 2446 θωσα
235 2377 272 2446 δέ
291 2375 519 2468 Γερμανικοῦς
535 2379 701 2466 πολέμους
728 2374 838 2469 ὥσπερ
867 2374 885 2448 ὁ
910 2376 988 2467 ἐμὸς
1013 2377 1125 2468 πατὴρ

55 2479 232 2551 εκοούτοσλ
255 2491 396 2574 Καῖσαρ.
434 2486 635 2572 συμπλακεὶς
654 2484 692 2553 δὲ
708 2499 779 2566 τοῖς
798 2488 972 2574 ἐμφυλίοις
994 2481 1124 2575 ἀγῶσιυ

106 2597 283 2676 Αἴγυπτον
306 2590 367 2678 μέν
389 2593 465 2679 περὶ
483 2589 521 2659 τὸ
541 2587 676 2660 ’Ἄκτιον
698 2591 992 2680 κατεναυμάχησα,
1010 2594 1123 2684 Βροῦ·

106 2722 166 2763 τον
194 2695 231 2764 δὲ
258 2698 316 2765 καὶ
342 2696 494 2765 Κάσσιον
521 2699 596 2786 περὶ
623 2696 704 2778 τοὺς
734 2702 920 2779 Φιλίππους
946 2699 1123 2769 κατεπολέ-

106 2822 210 2890 μησα,
247 2805 302 2871 καὶ
337 2800 399 2871 τὸν
437 2810 618 2892 Πομπηίου
654 2809 758 2873 παῖδα
789 2805 916 2886 Σέξτον
952 2804 1159 2897 πάρεργονιι

107 2909 233 2995 ἐθέμην
260 2912 318 2997 τῆς
345 2911 491 2997 ἐμαυτοῦ
519 2915 725 3001 στρατηγίας·
772 2907 859 2979 οῦτω
888 2909 925 2979 δέ
952 2914 1124 3004 παρέσχον

192 3097 207 3144 8
237 3089 327 3146 οὐδὲν
356 3095 563 3163 Heusingerus]
598 3089 692 3149 ούθὲν
783 3100 816 3150 10
844 3094 1124 3169 οτρατιωτιιιῦτεροι

106 3158 253 3227 VMAug.]
272 3157 544 3230 στρατιωτικάτερος
614 3167 645 3215 11
664 3169 693 3215 et
711 3167 743 3215 12
765 3157 781 3216 ὁ
799 3164 851 3218 τοῦ
869 3161 948 3233 libri]
966 3167 1020 3219 τοῦ
1091 3168 1125 3223 1⁶

106 3245 133 3279 τι
152 3229 265 3280 delebat
284 3230 350 3283 Cob.
382 3231 416 3284 cf.
434 3247 497 3283 vero
515 3233 600 3284 329ss
671 3235 702 3283 16
725 3223 872 3298 ἀλλ..ρι..
894 3233 920 3286 V
950 3231 957 3301 Ι
988 3228 1025 3288 δέ
1044 3234 1125 3301 uuo·

105 3297 193 3346 cimus
211 3312 226 3347 ο
244 3296 375 3348 VMBav.
446 3295 719 3352 18620111.Vssav.
782 3295 940 3368 19προύστ
961 3300 1043 3385 νἨΙ
1057 3318 1125 3373 πρυ

105 3360 199 3430 έοτην.
230 3365 285 3418 vid.
306 3365 341 3414 ad
359 3366 443 3417 312ss
469 3370 473 3431 Ι
506 3361 645 3433 ἐμαυτοῦ]
665 3363 756 3421 αὑτοῦ
773 3371 803 3421 Μ
871 3371 906 3421 20
960 3386 1045 3432 τοςο
1082 3387 1125 3427 η·

99 3430 333 3515 ,ναῖοςιλΤΒετλ
365 3425 380 3514 ρ
411 3439 546 3499 γενναῖος
576 3421 660 3495 οῦτος
746 3440 780 3489 23
803 3428 914 3490 ’Ἄκτιον
942 3389 1122 3507 ΒγῙλγωρλσε]

104 3502 228 3551 Ακτικον
297 3503 330 3552 25
348 3499 465 3565 σεξστον
485 3503 510 3552 V
